@ARTICLE{Lu2019,
       author = {{Lu}, Xing and {Mills}, Elisabeth A.~C. and {Ginsburg}, Adam and {Walker}, Daniel L. and {Barnes}, Ashley T. and {Butterfield}, Natalie and {Henshaw}, Jonathan D. and {Battersby}, Cara and {Kruijssen}, J.~M. Diederik and {Longmore}, Steven N. and {Zhang}, Qizhou and {Bally}, John and {Kauffmann}, Jens and {Ott}, J{\"u}rgen and {Rickert}, Matthew and {Wang}, Ke},
        title = "{A Census of Early-phase High-mass Star Formation in the Central Molecular Zone}",
      journal = {\apjs},
     keywords = {Star formation, Galactic center, H II regions, Astrophysical masers, 1569, 565, 694, 103, Astrophysics - Astrophysics of Galaxies},
         year = 2019,
        month = oct,
       volume = {244},
       number = {2},
          eid = {35},
        pages = {35},
          doi = {10.3847/1538-4365/ab4258},
archivePrefix = {arXiv},
       eprint = {1909.02338},
 primaryClass = {astro-ph.GA},
       adsurl = {https://ui.adsabs.harvard.edu/abs/2019ApJS..244...35L},
      adsnote = {Provided by the SAO/NASA Astrophysics Data System}
}

@ARTICLE{Holdship2017,
       author = {{Holdship}, J. and {Viti}, S. and {Jim{\'e}nez-Serra}, I. and {Makrymallis}, A. and {Priestley}, F.},
        title = "{UCLCHEM: A Gas-grain Chemical Code for Clouds, Cores, and C-Shocks}",
      journal = {\aj},
     keywords = {astrochemistry, ISM: molecules, shock waves, Astrophysics - Astrophysics of Galaxies},
         year = 2017,
        month = jul,
       volume = {154},
       number = {1},
          eid = {38},
        pages = {38},
          doi = {10.3847/1538-3881/aa773f},
archivePrefix = {arXiv},
       eprint = {1705.10677},
 primaryClass = {astro-ph.GA},
       adsurl = {https://ui.adsabs.harvard.edu/abs/2017AJ....154...38H},
      adsnote = {Provided by the SAO/NASA Astrophysics Data System}
}

@ARTICLE{Jenkins2009,
       author = {{Jenkins}, Edward B.},
        title = "{A Unified Representation of Gas-Phase Element Depletions in the Interstellar Medium}",
      journal = {\apj},
     keywords = {ISM: abundances, ISM: atoms, ultraviolet: ISM, Astrophysics - Galaxy Astrophysics},
         year = 2009,
        month = aug,
       volume = {700},
       number = {2},
        pages = {1299-1348},
          doi = {10.1088/0004-637X/700/2/1299},
archivePrefix = {arXiv},
       eprint = {0905.3173},
 primaryClass = {astro-ph.GA},
       adsurl = {https://ui.adsabs.harvard.edu/abs/2009ApJ...700.1299J},
      adsnote = {Provided by the SAO/NASA Astrophysics Data System}
}

@ARTICLE{Palumbo1997,
       author = {{Palumbo}, M.~E. and {Geballe}, T.~R. and {Tielens}, A.~G.~G.~M.},
        title = "{Solid Carbonyl Sulfide (OCS) in Dense Molecular Clouds}",
      journal = {\apj},
     keywords = {Infrared: ISM: Lines and Bands, ISM: Clouds, ISM: Molecules, Line: Identification, Molecular Processes},
         year = 1997,
        month = apr,
       volume = {479},
       number = {2},
        pages = {839-844},
          doi = {10.1086/303905},
       adsurl = {https://ui.adsabs.harvard.edu/abs/1997ApJ...479..839P},
      adsnote = {Provided by the SAO/NASA Astrophysics Data System}
}

@ARTICLE{Savage1996,
       author = {{Savage}, Blair D. and {Sembach}, Kenneth R.},
        title = "{Interstellar Abundances from Absorption-Line Observations with the Hubble Space Telescope}",
      journal = {\araa},
         year = 1996,
        month = jan,
       volume = {34},
        pages = {279-330},
          doi = {10.1146/annurev.astro.34.1.279},
       adsurl = {https://ui.adsabs.harvard.edu/abs/1996ARA&A..34..279S},
      adsnote = {Provided by the SAO/NASA Astrophysics Data System}
}



@ARTICLE{Yu2020,
       author = {{Yu}, H.~Z. and {Zhang}, J.~S. and {Henkel}, C. and {Yan}, Y.~T. and {Liu}, W. and {Tang}, X.~D. and {Langer}, N. and {Luan}, T.~C. and {Chen}, J.~L. and {Wang}, Y.~X. and {Deng}, G.~G. and {Zou}, Y.~P.},
        title = "{Galactic Interstellar Sulfur Isotopes: A Radial $^{32}$S/$^{34}$S Gradient?}",
      journal = {\apj},
     keywords = {Interstellar medium, Stellar nucleosynthesis, Abundance ratios, Radio astronomy, Stellar abundances, Galaxy chemical evolution, Interstellar molecules, Milky Way Galaxy, 847, 1616, 11, 1338, 1577, 580, 849, 1054, Astrophysics - Astrophysics of Galaxies},
         year = 2020,
        month = aug,
       volume = {899},
       number = {2},
          eid = {145},
        pages = {145},
          doi = {10.3847/1538-4357/aba8f1},
archivePrefix = {arXiv},
       eprint = {2008.04916},
 primaryClass = {astro-ph.GA},
       adsurl = {https://ui.adsabs.harvard.edu/abs/2020ApJ...899..145Y},
      adsnote = {Provided by the SAO/NASA Astrophysics Data System}
}


@ARTICLE{Ossenkopf1994,
       author = {{Ossenkopf}, V. and {Henning}, Th.},
        title = "{Dust opacities for protostellar cores.}",
      journal = {\aap},
     keywords = {Coagulation, Dust, Opacity, Protostars, Star Formation, Stellar Cores, Stellar Models, Absorptivity, Gas Density, Infrared Astronomy, Interstellar Extinction, Optical Properties, Radio Astronomy, Stellar Composition, Astrophysics, ISM: DUST, EXTINCTION, INFRARED: INTERSTELLAR: CONTINUUM, RADIO CONTINUUM: INTERSTELLAR, STARS: FORMATION},
         year = 1994,
        month = nov,
       volume = {291},
        pages = {943-959},
       adsurl = {https://ui.adsabs.harvard.edu/abs/1994A&A...291..943O},
      adsnote = {Provided by the SAO/NASA Astrophysics Data System}
}


@ARTICLE{Jones2012,
       author = {{Jones}, P.~A. and {Burton}, M.~G. and {Cunningham}, M.~R. and {Requena-Torres}, M.~A. and {Menten}, K.~M. and {Schilke}, P. and {Belloche}, A. and {Leurini}, S. and {Mart{\'\i}n-Pintado}, J. and {Ott}, J. and {Walsh}, A.~J.},
        title = "{Spectral imaging of the Central Molecular Zone in multiple 3-mm molecular lines}",
      journal = {\mnras},
     keywords = {ISM: kinematics and dynamics, ISM: molecules, radio lines: ISM, Astrophysics - Astrophysics of Galaxies},
         year = 2012,
        month = feb,
       volume = {419},
       number = {4},
        pages = {2961-2986},
          doi = {10.1111/j.1365-2966.2011.19941.x},
archivePrefix = {arXiv},
       eprint = {1110.1421},
 primaryClass = {astro-ph.GA},
       adsurl = {https://ui.adsabs.harvard.edu/abs/2012MNRAS.419.2961J},
      adsnote = {Provided by the SAO/NASA Astrophysics Data System}
}


@ARTICLE{Lique2006,
       author = {{Lique}, F. and {Spielfiedel}, A. and {Dhont}, G. and {Feautrier}, N.},
        title = "{Ro-vibrational excitation of the SO molecule by collision with the He atom}",
      journal = {\aap},
     keywords = {ISM: molecules, molecular data, molecular processes},
         year = 2006,
        month = oct,
       volume = {458},
       number = {1},
        pages = {331-337},
          doi = {10.1051/0004-6361:20065713},
       adsurl = {https://ui.adsabs.harvard.edu/abs/2006A&A...458..331L},
      adsnote = {Provided by the SAO/NASA Astrophysics Data System}
}


@ARTICLE{Dong2011,
       author = {{Dong}, H. and {Wang}, Q.~D. and {Cotera}, A. and {Stolovy}, S. and {Morris}, M.~R. and {Mauerhan}, J. and {Mills}, E.~A. and {Schneider}, G. and {Calzetti}, D. and {Lang}, C.},
        title = "{Hubble Space Telescope Paschen {\ensuremath{\alpha}} survey of the Galactic Centre: data reduction and products}",
      journal = {\mnras},
     keywords = {catalogues, surveys, stars: formation, Galaxy: centre, infrared: stars, Astrophysics - Astrophysics of Galaxies},
         year = 2011,
        month = oct,
       volume = {417},
       number = {1},
        pages = {114-135},
          doi = {10.1111/j.1365-2966.2011.19013.x},
archivePrefix = {arXiv},
       eprint = {1105.1703},
 primaryClass = {astro-ph.GA},
       adsurl = {https://ui.adsabs.harvard.edu/abs/2011MNRAS.417..114D},
      adsnote = {Provided by the SAO/NASA Astrophysics Data System}
}


@ARTICLE{Shahzamanian2022,
       author = {{Shahzamanian}, B. and {Schoedel}, R. and {Nogueras-Lara}, F. and {Martinez-Arranz}, A. and {Sormani}, M. and {Gallego-Cano}, E. and {Gallego-Calvente}, A.~T. and {Gallego-Cano}, E. and {Alburai}, A.},
        title = "{VizieR Online Data Catalog: Milky Way's Nuclear Stellar Disc pm catalog (Shahzamanian+, 2022)}",
      journal = {VizieR Online Data Catalog},
     keywords = {Milky Way, Galactic center, Proper motions},
         year = 2022,
        month = mar,
          eid = {J/A+A/662/A11},
        pages = {J/A+A/662/A11},
          doi = {10.26093/cds/vizier.36620011},
       adsurl = {https://ui.adsabs.harvard.edu/abs/2022yCat..36620011S},
      adsnote = {Provided by the SAO/NASA Astrophysics Data System}
}

@ARTICLE{Nogueras-Lara2019,
       author = {{Nogueras-Lara}, F. and {Sch{\"o}del}, R. and {Gallego-Calvente}, A.~T. and {Dong}, H. and {Gallego-Cano}, E. and {Shahzamanian}, B. and {Girard}, J.~H.~V. and {Nishiyama}, S. and {Najarro}, F. and {Neumayer}, N.},
        title = "{GALACTICNUCLEUS: A high-angular-resolution JHK$_{s}$ imaging survey of the Galactic centre. II. First data release of the catalogue and the most detailed CMDs of the GC}",
      journal = {\aap},
     keywords = {Galaxy: center, Galaxy: bulge, Galaxy: structure, stars: horizontal-branch, dust, extinction, Astrophysics - Astrophysics of Galaxies, Astrophysics - Instrumentation and Methods for Astrophysics, Astrophysics - Solar and Stellar Astrophysics},
         year = 2019,
        month = nov,
       volume = {631},
          eid = {A20},
        pages = {A20},
          doi = {10.1051/0004-6361/201936263},
archivePrefix = {arXiv},
       eprint = {1908.10366},
 primaryClass = {astro-ph.GA},
       adsurl = {https://ui.adsabs.harvard.edu/abs/2019A&A...631A..20N},
      adsnote = {Provided by the SAO/NASA Astrophysics Data System}
}

@ARTICLE{Nogueras-Lara2018,
       author = {{Nogueras-Lara}, F. and {Gallego-Calvente}, A.~T. and {Dong}, H. and {Gallego-Cano}, E. and {Girard}, J.~H.~V. and {Hilker}, M. and {de Zeeuw}, P.~T. and {Feldmeier-Krause}, A. and {Nishiyama}, S. and {Najarro}, F. and {Neumayer}, N. and {Sch{\"o}del}, R.},
        title = "{GALACTICNUCLEUS: A high angular resolution JHK$_{s}$ imaging survey of the Galactic centre. I. Methodology, performance, and near-infrared extinction towards the Galactic centre}",
      journal = {\aap},
     keywords = {Galaxy: nucleus, dust, extinction, Galaxy: center, stars: horizontal-branch, Astrophysics - Astrophysics of Galaxies},
         year = 2018,
        month = mar,
       volume = {610},
          eid = {A83},
        pages = {A83},
          doi = {10.1051/0004-6361/201732002},
archivePrefix = {arXiv},
       eprint = {1709.09094},
 primaryClass = {astro-ph.GA},
       adsurl = {https://ui.adsabs.harvard.edu/abs/2018A&A...610A..83N},
      adsnote = {Provided by the SAO/NASA Astrophysics Data System}
}

@ARTICLE{Muno2009,
       author = {{Muno}, M.~P. and {Bauer}, F.~E. and {Baganoff}, F.~K. and {Bandyopadhyay}, R.~M. and {Bower}, G.~C. and {Brandt}, W.~N. and {Broos}, P.~S. and {Cotera}, A. and {Eikenberry}, S.~S. and {Garmire}, G.~P. and {Hyman}, S.~D. and {Kassim}, N.~E. and {Lang}, C.~C. and {Lazio}, T.~J.~W. and {Law}, C. and {Mauerhan}, J.~C. and {Morris}, M.~R. and {Nagata}, T. and {Nishiyama}, S. and {Park}, S. and {Ram{\`\i}rez}, S.~V. and {Stolovy}, S.~R. and {Wijnands}, R. and {Wang}, Q.~D. and {Wang}, Z. and {Yusef-Zadeh}, F.},
        title = "{A Catalog of X-Ray Point Sources from Two Megaseconds of Chandra Observations of the Galactic Center}",
      journal = {\apjs},
     keywords = {Galaxy: center, X-rays: stars, Astrophysics},
         year = 2009,
        month = mar,
       volume = {181},
       number = {1},
        pages = {110-128},
          doi = {10.1088/0067-0049/181/1/110},
archivePrefix = {arXiv},
       eprint = {0809.1105},
 primaryClass = {astro-ph},
       adsurl = {https://ui.adsabs.harvard.edu/abs/2009ApJS..181..110M},
      adsnote = {Provided by the SAO/NASA Astrophysics Data System}
}


@ARTICLE{Benjamin2003,
       author = {{Benjamin}, Robert A. and {Churchwell}, E. and {Babler}, Brian L. and {Bania}, T.~M. and {Clemens}, Dan P. and {Cohen}, Martin and {Dickey}, John M. and {Indebetouw}, R{\'e}my and {Jackson}, James M. and {Kobulnicky}, Henry A. and {Lazarian}, Alex and {Marston}, A.~P. and {Mathis}, John S. and {Meade}, Marilyn R. and {Seager}, Sara and {Stolovy}, S.~R. and {Watson}, C. and {Whitney}, Barbara A. and {Wolff}, Michael J. and {Wolfire}, Mark G.},
        title = "{GLIMPSE. I. An SIRTF Legacy Project to Map the Inner Galaxy}",
      journal = {\pasp},
     keywords = {Galaxy: Stellar Content, Galaxy: Structure, infrared: general, infrared: stars, ISM: General, Surveys, Stars: General, Astrophysics},
         year = 2003,
        month = aug,
       volume = {115},
       number = {810},
        pages = {953-964},
          doi = {10.1086/376696},
archivePrefix = {arXiv},
       eprint = {astro-ph/0306274},
 primaryClass = {astro-ph},
       adsurl = {https://ui.adsabs.harvard.edu/abs/2003PASP..115..953B},
      adsnote = {Provided by the SAO/NASA Astrophysics Data System}
}

@ARTICLE{Churchwell2009,
       author = {{Churchwell}, Ed and {Babler}, Brian L. and {Meade}, Marilyn R. and {Whitney}, Barbara A. and {Benjamin}, Robert and {Indebetouw}, Remy and {Cyganowski}, Claudia and {Robitaille}, Thomas P. and {Povich}, Matthew and {Watson}, Christer and {Bracker}, Steve},
        title = "{The Spitzer/GLIMPSE Surveys: A New View of the Milky Way}",
      journal = {\pasp},
         year = 2009,
        month = mar,
       volume = {121},
       number = {877},
        pages = {213},
          doi = {10.1086/597811},
       adsurl = {https://ui.adsabs.harvard.edu/abs/2009PASP..121..213C},
      adsnote = {Provided by the SAO/NASA Astrophysics Data System}
}

@ARTICLE{Molinari2010,
       author = {{Molinari}, S. and {Swinyard}, B. and {Bally}, J. and {Barlow}, M. and {Bernard}, J. -P. and {Martin}, P. and {Moore}, T. and {Noriega-Crespo}, A. and {Plume}, R. and {Testi}, L. and {Zavagno}, A. and {Abergel}, A. and {Ali}, B. and {Anderson}, L. and {Andr{\'e}}, P. and {Baluteau}, J. -P. and {Battersby}, C. and {Beltr{\'a}n}, M.~T. and {Benedettini}, M. and {Billot}, N. and {Blommaert}, J. and {Bontemps}, S. and {Boulanger}, F. and {Brand}, J. and {Brunt}, C. and {Burton}, M. and {Calzoletti}, L. and {Carey}, S. and {Caselli}, P. and {Cesaroni}, R. and {Cernicharo}, J. and {Chakrabarti}, S. and {Chrysostomou}, A. and {Cohen}, M. and {Compiegne}, M. and {de Bernardis}, P. and {de Gasperis}, G. and {di Giorgio}, A.~M. and {Elia}, D. and {Faustini}, F. and {Flagey}, N. and {Fukui}, Y. and {Fuller}, G.~A. and {Ganga}, K. and {Garcia-Lario}, P. and {Glenn}, J. and {Goldsmith}, P.~F. and {Griffin}, M. and {Hoare}, M. and {Huang}, M. and {Ikhenaode}, D. and {Joblin}, C. and {Joncas}, G. and {Juvela}, M. and {Kirk}, J.~M. and {Lagache}, G. and {Li}, J.~Z. and {Lim}, T.~L. and {Lord}, S.~D. and {Marengo}, M. and {Marshall}, D.~J. and {Masi}, S. and {Massi}, F. and {Matsuura}, M. and {Minier}, V. and {Miville-Desch{\^e}nes}, M. -A. and {Montier}, L.~A. and {Morgan}, L. and {Motte}, F. and {Mottram}, J.~C. and {M{\"u}ller}, T.~G. and {Natoli}, P. and {Neves}, J. and {Olmi}, L. and {Paladini}, R. and {Paradis}, D. and {Parsons}, H. and {Peretto}, N. and {Pestalozzi}, M. and {Pezzuto}, S. and {Piacentini}, F. and {Piazzo}, L. and {Polychroni}, D. and {Pomar{\`e}s}, M. and {Popescu}, C.~C. and {Reach}, W.~T. and {Ristorcelli}, I. and {Robitaille}, J. -F. and {Robitaille}, T. and {Rod{\'o}n}, J.~A. and {Roy}, A. and {Royer}, P. and {Russeil}, D. and {Saraceno}, P. and {Sauvage}, M. and {Schilke}, P. and {Schisano}, E. and {Schneider}, N. and {Schuller}, F. and {Schulz}, B. and {Sibthorpe}, B. and {Smith}, H.~A. and {Smith}, M.~D. and {Spinoglio}, L. and {Stamatellos}, D. and {Strafella}, F. and {Stringfellow}, G.~S. and {Sturm}, E. and {Taylor}, R. and {Thompson}, M.~A. and {Traficante}, A. and {Tuffs}, R.~J. and {Umana}, G. and {Valenziano}, L. and {Vavrek}, R. and {Veneziani}, M. and {Viti}, S. and {Waelkens}, C. and {Ward-Thompson}, D. and {White}, G. and {Wilcock}, L.~A. and {Wyrowski}, F. and {Yorke}, H.~W. and {Zhang}, Q.},
        title = "{Clouds, filaments, and protostars: The Herschel Hi-GAL Milky Way}",
      journal = {\aap},
     keywords = {stars: formation, ISM: structure, ISM: clouds, Galaxy: general, Astrophysics - Astrophysics of Galaxies},
         year = 2010,
        month = jul,
       volume = {518},
          eid = {L100},
        pages = {L100},
          doi = {10.1051/0004-6361/201014659},
archivePrefix = {arXiv},
       eprint = {1005.3317},
 primaryClass = {astro-ph.GA},
       adsurl = {https://ui.adsabs.harvard.edu/abs/2010A&A...518L.100M},
      adsnote = {Provided by the SAO/NASA Astrophysics Data System}
}

@ARTICLE{Carey2009,
       author = {{Carey}, S.~J. and {Noriega-Crespo}, A. and {Mizuno}, D.~R. and {Shenoy}, S. and {Paladini}, R. and {Kraemer}, K.~E. and {Price}, S.~D. and {Flagey}, N. and {Ryan}, E. and {Ingalls}, J.~G. and {Kuchar}, T.~A. and {Pinheiro Gon{\c{c}}alves}, Daniela and {Indebetouw}, R. and {Billot}, N. and {Marleau}, F.~R. and {Padgett}, D.~L. and {Rebull}, L.~M. and {Bressert}, E. and {Ali}, Babar and {Molinari}, S. and {Martin}, P.~G. and {Berriman}, G.~B. and {Boulanger}, F. and {Latter}, W.~B. and {Miville-Deschenes}, M.~A. and {Shipman}, R. and {Testi}, L.},
        title = "{MIPSGAL: A Survey of the Inner Galactic Plane at 24 and 70 {\ensuremath{\mu}}m}",
      journal = {\pasp},
         year = 2009,
        month = jan,
       volume = {121},
       number = {875},
        pages = {76},
          doi = {10.1086/596581},
       adsurl = {https://ui.adsabs.harvard.edu/abs/2009PASP..121...76C},
      adsnote = {Provided by the SAO/NASA Astrophysics Data System}
}

@ARTICLE{Heywood2022,
       author = {{Heywood}, I. and {Rammala}, I. and {Camilo}, F. and {Cotton}, W.~D. and {Yusef-Zadeh}, F. and {Abbott}, T.~D. and {Adam}, R.~M. and {Adams}, G. and {Aldera}, M.~A. and {Asad}, K.~M.~B. and {Bauermeister}, E.~F. and {Bennett}, T.~G.~H. and {Bester}, H.~L. and {Bode}, W.~A. and {Botha}, D.~H. and {Botha}, A.~G. and {Brederode}, L.~R.~S. and {Buchner}, S. and {Burger}, J.~P. and {Cheetham}, T. and {de Villiers}, D.~I.~L. and {Dikgale-Mahlakoana}, M.~A. and {du Toit}, L.~J. and {Esterhuyse}, S.~W.~P. and {Fanaroff}, B.~L. and {February}, S. and {Fourie}, D.~J. and {Frank}, B.~S. and {Gamatham}, R.~R.~G. and {Geyer}, M. and {Goedhart}, S. and {Gouws}, M. and {Gumede}, S.~C. and {Hlakola}, M.~J. and {Hokwana}, A. and {Hoosen}, S.~W. and {Horrell}, J.~M.~G. and {Hugo}, B. and {Isaacson}, A.~I. and {J{\'o}zsa}, G.~I.~G. and {Jonas}, J.~L. and {Joubert}, A.~F. and {Julie}, R.~P.~M. and {Kapp}, F.~B. and {Kenyon}, J.~S. and {Kotz{\'e}}, P.~P.~A. and {Kriek}, N. and {Kriel}, H. and {Krishnan}, V.~K. and {Lehmensiek}, R. and {Liebenberg}, D. and {Lord}, R.~T. and {Lunsky}, B.~M. and {Madisa}, K. and {Magnus}, L.~G. and {Mahgoub}, O. and {Makhaba}, A. and {Makhathini}, S. and {Malan}, J.~A. and {Manley}, J.~R. and {Marais}, S.~J. and {Martens}, A. and {Mauch}, T. and {Merry}, B.~C. and {Millenaar}, R.~P. and {Mnyandu}, N. and {Mokone}, O.~J. and {Monama}, T.~E. and {Mphego}, M.~C. and {New}, W.~S. and {Ngcebetsha}, B. and {Ngoasheng}, K.~J. and {Ockards}, M.~T. and {Oozeer}, N. and {Otto}, A.~J. and {Passmoor}, S.~S. and {Patel}, A.~A. and {Peens-Hough}, A. and {Perkins}, S.~J. and {Ramaila}, A.~J.~T. and {Ramanujam}, N.~M.~R. and {Ramudzuli}, Z.~R. and {Ratcliffe}, S.~M. and {Robyntjies}, A. and {Salie}, S. and {Sambu}, N. and {Schollar}, C.~T.~G. and {Schwardt}, L.~C. and {Schwartz}, R.~L. and {Serylak}, M. and {Siebrits}, R. and {Sirothia}, S.~K. and {Slabber}, M. and {Smirnov}, O.~M. and {Sofeya}, L. and {Taljaard}, B. and {Tasse}, C. and {Tiplady}, A.~J. and {Toruvanda}, O. and {Twum}, S.~N. and {van Balla}, T.~J. and {van der Byl}, A. and {van der Merwe}, C. and {Van Tonder}, V. and {Van Wyk}, R. and {Venter}, A.~J. and {Venter}, M. and {Wallace}, B.~H. and {Welz}, M.~G. and {Williams}, L.~P. and {Xaia}, B.},
        title = "{The 1.28 GHz MeerKAT Galactic Center Mosaic}",
      journal = {\apj},
     keywords = {565, 571, 1346, Astrophysics - Astrophysics of Galaxies},
         year = 2022,
        month = feb,
       volume = {925},
       number = {2},
          eid = {165},
        pages = {165},
          doi = {10.3847/1538-4357/ac449a},
archivePrefix = {arXiv},
       eprint = {2201.10541},
 primaryClass = {astro-ph.GA},
       adsurl = {https://ui.adsabs.harvard.edu/abs/2022ApJ...925..165H},
      adsnote = {Provided by the SAO/NASA Astrophysics Data System}
}


@ARTICLE{Bally2017,
       author = {{Bally}, John and {Ginsburg}, Adam and {Arce}, Hector and {Eisner}, Josh and {Youngblood}, Allison and {Zapata}, Luis and {Zinnecker}, Hans},
        title = "{The ALMA View of the OMC1 Explosion in Orion}",
      journal = {\apj},
     keywords = {Herbig{\textendash}Haro objects, ISM: individual objects: Orion OMC1, ISM: jets and outflows, stars: formation, stars: massive, Astrophysics - Solar and Stellar Astrophysics, Astrophysics - Astrophysics of Galaxies},
         year = 2017,
        month = mar,
       volume = {837},
       number = {1},
          eid = {60},
        pages = {60},
          doi = {10.3847/1538-4357/aa5c8b},
archivePrefix = {arXiv},
       eprint = {1701.01906},
 primaryClass = {astro-ph.SR},
       adsurl = {https://ui.adsabs.harvard.edu/abs/2017ApJ...837...60B},
      adsnote = {Provided by the SAO/NASA Astrophysics Data System}
}

@ARTICLE{Bally2015,
       author = {{Bally}, John and {Ginsburg}, Adam and {Silvia}, Devin and {Youngblood}, Allison},
        title = "{The Orion fingers: Near-IR adaptive optics imaging of an explosive protostellar outflow}",
      journal = {\aap},
     keywords = {ISM: jets and outflows, ISM: clouds, stars: formation, Astrophysics - Astrophysics of Galaxies},
         year = 2015,
        month = jul,
       volume = {579},
          eid = {A130},
        pages = {A130},
          doi = {10.1051/0004-6361/201425073},
archivePrefix = {arXiv},
       eprint = {1502.04711},
 primaryClass = {astro-ph.GA},
       adsurl = {https://ui.adsabs.harvard.edu/abs/2015A&A...579A.130B},
      adsnote = {Provided by the SAO/NASA Astrophysics Data System}
}


@ARTICLE{Lee2013a,
       author = {{Lee}, Chin-Fei and {Yang}, Chun-Hui and {Sahai}, Raghvendra and {S{\'a}nchez Contreras}, Carmen},
        title = "{Mapping the Central Region of the PPN CRL 618 at Subarcsecond Resolution at 350 GHz}",
      journal = {\apj},
     keywords = {circumstellar matter, planetary nebulae: general, stars: AGB and post-AGB, stars: individual: CRL 618, stars: mass-loss, Astrophysics - Astrophysics of Galaxies},
         year = 2013,
        month = jun,
       volume = {770},
       number = {2},
          eid = {153},
        pages = {153},
          doi = {10.1088/0004-637X/770/2/153},
archivePrefix = {arXiv},
       eprint = {1305.1731},
 primaryClass = {astro-ph.GA},
       adsurl = {https://ui.adsabs.harvard.edu/abs/2013ApJ...770..153L},
      adsnote = {Provided by the SAO/NASA Astrophysics Data System}
}


@ARTICLE{Lee2013b,
       author = {{Lee}, Chin-Fei and {Sahai}, Raghvendra and {S{\'a}nchez Contreras}, Carmen and {Huang}, Po-Sheng and {Hao Tay}, Jeremy Jian},
        title = "{Multiple Fast Molecular Outflows in the Pre-planetary Nebula CRL 618}",
      journal = {\apj},
     keywords = {circumstellar matter, planetary nebulae: general, stars: AGB and post-AGB, stars: individual: CRL 618, stars: mass-loss, Astrophysics - Astrophysics of Galaxies},
         year = 2013,
        month = nov,
       volume = {777},
       number = {1},
          eid = {37},
        pages = {37},
          doi = {10.1088/0004-637X/777/1/37},
archivePrefix = {arXiv},
       eprint = {1308.6332},
 primaryClass = {astro-ph.GA},
       adsurl = {https://ui.adsabs.harvard.edu/abs/2013ApJ...777...37L},
      adsnote = {Provided by the SAO/NASA Astrophysics Data System}
}


@ARTICLE{Guerrero2020,
       author = {{Guerrero}, Mart{\'\i}n A. and {Suzett Rechy-Garc{\'\i}a}, Jackeline and {Ortiz}, Roberto},
        title = "{Space Velocity and Time Span of Jets in Planetary Nebulae}",
      journal = {\apj},
     keywords = {Astrophysics - Solar and Stellar Astrophysics},
         year = 2020,
        month = feb,
       volume = {890},
       number = {1},
          eid = {50},
        pages = {50},
          doi = {10.3847/1538-4357/ab61fa},
archivePrefix = {arXiv},
       eprint = {1912.07754},
 primaryClass = {astro-ph.SR},
       adsurl = {https://ui.adsabs.harvard.edu/abs/2020ApJ...890...50G},
      adsnote = {Provided by the SAO/NASA Astrophysics Data System}
}


@ARTICLE{Edwards2014,
       author = {{Edwards}, J.~L. and {Cox}, E.~G. and {Ziurys}, L.~M.},
        title = "{Millimeter Observations of CS, HCO$^{+}$, and CO toward Five Planetary Nebulae: Following Molecular Abundances with Nebular Age}",
      journal = {\apj},
     keywords = {astrochemistry, ISM: molecules, planetary nebulae: individual: K4-47 M2-48 NGC 6537 NGC 6720 NGC 6853, radio lines: ISM},
         year = 2014,
        month = aug,
       volume = {791},
       number = {2},
          eid = {79},
        pages = {79},
          doi = {10.1088/0004-637X/791/2/79},
       adsurl = {https://ui.adsabs.harvard.edu/abs/2014ApJ...791...79E},
      adsnote = {Provided by the SAO/NASA Astrophysics Data System}
}


@ARTICLE{Oka2022,
       author = {{Oka}, Tomoharu and {Uruno}, Asaka and {Enokiya}, Rei and {Nakamura}, Taichi and {Yamasaki}, Yuto and {Watanabe}, Yuto and {Tokuyama}, Sekito and {Iwata}, Yuhei},
        title = "{Catalog of High-velocity Dispersion Compact Clouds in the Central Molecular Zone of Our Galaxy}",
      journal = {\apjs},
     keywords = {Galactic center, molecular cloud, 565, Astrophysics - Astrophysics of Galaxies},
         year = 2022,
        month = aug,
       volume = {261},
       number = {2},
          eid = {13},
        pages = {13},
          doi = {10.3847/1538-4365/ac6bfc},
archivePrefix = {arXiv},
       eprint = {2209.12395},
 primaryClass = {astro-ph.GA},
       adsurl = {https://ui.adsabs.harvard.edu/abs/2022ApJS..261...13O},
      adsnote = {Provided by the SAO/NASA Astrophysics Data System}
}

@ARTICLE{Oka2016,
       author = {{Oka}, Tomoharu and {Mizuno}, Reiko and {Miura}, Kodai and {Takekawa}, Shunya},
        title = "{Signature of an Intermediate-mass Black Hole in the Central Molecular Zone of Our Galaxy}",
      journal = {\apjl},
     keywords = {galaxies: nuclei, Galaxy: center, ISM: clouds, ISM: molecules, Astrophysics - Astrophysics of Galaxies},
         year = 2016,
        month = jan,
       volume = {816},
       number = {1},
          eid = {L7},
        pages = {L7},
          doi = {10.3847/2041-8205/816/1/L7},
archivePrefix = {arXiv},
       eprint = {1512.04661},
 primaryClass = {astro-ph.GA},
       adsurl = {https://ui.adsabs.harvard.edu/abs/2016ApJ...816L...7O},
      adsnote = {Provided by the SAO/NASA Astrophysics Data System}
}

@INPROCEEDINGS{Oka2014,
       author = {{Oka}, T. and {Tanaka}, K. and {Matsumura}, S. and {Miura}, K. and {Takekawa}, S. and {Takahata}, Y. and {Nishino}, Akihiko},
        title = "{3 mm band line survey toward the high-velocity compact cloud CO-0.40-0.22}",
     keywords = {Galaxy: center, ISM: clouds, ISM: molecules, radio lines: ISM},
    booktitle = {The Galactic Center: Feeding and Feedback in a Normal Galactic Nucleus},
         year = 2014,
       editor = {{Sjouwerman}, L.~O. and {Lang}, C.~C. and {Ott}, J.},
       volume = {303},
        month = may,
        pages = {202-204},
          doi = {10.1017/S1743921314000568},
       adsurl = {https://ui.adsabs.harvard.edu/abs/2014IAUS..303..202O},
      adsnote = {Provided by the SAO/NASA Astrophysics Data System}
}

@ARTICLE{Iwata2023,
       author = {{Iwata}, Yuhei and {Oka}, Tomoharu and {Takekawa}, Shunya and {Tsujimoto}, Shiho and {Enokiya}, Rei},
        title = "{ALMA View of the High-velocity-dispersion Compact Cloud CO 0.02-0.02 at the Galactic Center}",
      journal = {\apj},
     keywords = {Molecular clouds, Submillimeter astronomy, Galactic center, 1072, 1647, 565, Astrophysics - Astrophysics of Galaxies},
         year = 2023,
        month = jun,
       volume = {950},
       number = {1},
          eid = {25},
        pages = {25},
          doi = {10.3847/1538-4357/acc9b0},
archivePrefix = {arXiv},
       eprint = {2304.00222},
 primaryClass = {astro-ph.GA},
       adsurl = {https://ui.adsabs.harvard.edu/abs/2023ApJ...950...25I},
      adsnote = {Provided by the SAO/NASA Astrophysics Data System}
}


@ARTICLE{Takekawa2019,
       author = {{Takekawa}, Shunya and {Oka}, Tomoharu and {Iwata}, Yuhei and {Tsujimoto}, Shiho and {Nomura}, Mariko},
        title = "{Indication of Another Intermediate-mass Black Hole in the Galactic Center}",
      journal = {\apjl},
     keywords = {Galaxy: center, ISM: clouds, ISM: molecules, submillimeter: ISM, Astrophysics - Astrophysics of Galaxies},
         year = 2019,
        month = jan,
       volume = {871},
       number = {1},
          eid = {L1},
        pages = {L1},
          doi = {10.3847/2041-8213/aafb07},
archivePrefix = {arXiv},
       eprint = {1812.10733},
 primaryClass = {astro-ph.GA},
       adsurl = {https://ui.adsabs.harvard.edu/abs/2019ApJ...871L...1T},
      adsnote = {Provided by the SAO/NASA Astrophysics Data System}
}

@ARTICLE{Takekawa2020,
       author = {{Takekawa}, Shunya and {Oka}, Tomoharu and {Iwata}, Yuhei and {Tsujimoto}, Shiho and {Nomura}, Mariko},
        title = "{The Fifth Candidate for an Intermediate-mass Black Hole in the Galactic Center}",
      journal = {\apj},
     keywords = {Galactic center, Molecular clouds, Intermediate-mass black holes, Submillimeter astronomy, 565, 1072, 816, 1647, Astrophysics - Astrophysics of Galaxies},
         year = 2020,
        month = feb,
       volume = {890},
       number = {2},
          eid = {167},
        pages = {167},
          doi = {10.3847/1538-4357/ab6f6f},
archivePrefix = {arXiv},
       eprint = {2002.05173},
 primaryClass = {astro-ph.GA},
       adsurl = {https://ui.adsabs.harvard.edu/abs/2020ApJ...890..167T},
      adsnote = {Provided by the SAO/NASA Astrophysics Data System}
}

@ARTICLE{Yokozuka2021,
       author = {{Yokozuka}, Hiroki and {Oka}, Tomoharu and {Takekawa}, Shunya and {Iwata}, Yuhei and {Tsujimoto}, Shiho},
        title = "{Broad-velocity-width Molecular Features in the Galactic Plane}",
      journal = {\apj},
     keywords = {Milky Way disk, Interstellar clouds, Interstellar molecules, 1050, 834, 849, Astrophysics - Astrophysics of Galaxies},
         year = 2021,
        month = feb,
       volume = {908},
       number = {2},
          eid = {246},
        pages = {246},
          doi = {10.3847/1538-4357/abd556},
archivePrefix = {arXiv},
       eprint = {2103.13728},
 primaryClass = {astro-ph.GA},
       adsurl = {https://ui.adsabs.harvard.edu/abs/2021ApJ...908..246Y},
      adsnote = {Provided by the SAO/NASA Astrophysics Data System}
}


@ARTICLE{Ballone2018,
       author = {{Ballone}, A. and {Mapelli}, M. and {Pasquato}, M.},
        title = "{Weighing the IMBH candidate CO-0.40-0.22* in the Galactic Centre}",
      journal = {\mnras},
     keywords = {black hole physics, ISM: clouds, Galaxy: centre, Astrophysics - Astrophysics of Galaxies},
         year = 2018,
        month = nov,
       volume = {480},
       number = {4},
        pages = {4684-4692},
          doi = {10.1093/mnras/sty2139},
archivePrefix = {arXiv},
       eprint = {1809.01664},
 primaryClass = {astro-ph.GA},
       adsurl = {https://ui.adsabs.harvard.edu/abs/2018MNRAS.480.4684B},
      adsnote = {Provided by the SAO/NASA Astrophysics Data System}
}

@ARTICLE{Oka2017,
       author = {{Oka}, Tomoharu and {Tsujimoto}, Shiho and {Iwata}, Yuhei and {Nomura}, Mariko and {Takekawa}, Shunya},
        title = "{Millimetre-wave emission from an intermediate-mass black hole candidate in the Milky Way}",
      journal = {Nature Astronomy},
     keywords = {Astrophysics - Astrophysics of Galaxies},
         year = 2017,
        month = sep,
       volume = {1},
        pages = {709-712},
          doi = {10.1038/s41550-017-0224-z},
archivePrefix = {arXiv},
       eprint = {1707.07603},
 primaryClass = {astro-ph.GA},
       adsurl = {https://ui.adsabs.harvard.edu/abs/2017NatAs...1..709O},
      adsnote = {Provided by the SAO/NASA Astrophysics Data System}
}


@ARTICLE{Ravi2018,
       author = {{Ravi}, Vikram and {Vedantham}, Harish and {Phinney}, E. Sterl},
        title = "{La Freccia Rossa: an IR-dark cloud hosting the Milky Way intermediate-mass black hole candidate}",
      journal = {\mnras},
     keywords = {black hole physics, radiation mechanisms: general, stars: formation, ISM: clouds, dust, extinction, Galaxy: halo, Astrophysics - High Energy Astrophysical Phenomena, Astrophysics - Astrophysics of Galaxies},
         year = 2018,
        month = jul,
       volume = {478},
       number = {1},
        pages = {L72-L77},
          doi = {10.1093/mnrasl/sly077},
archivePrefix = {arXiv},
       eprint = {1710.03813},
 primaryClass = {astro-ph.HE},
       adsurl = {https://ui.adsabs.harvard.edu/abs/2018MNRAS.478L..72R},
      adsnote = {Provided by the SAO/NASA Astrophysics Data System}
}


@ARTICLE{Tanaka2018,
       author = {{Tanaka}, Kunihiko},
        title = "{ALMA Images of the Host Cloud of the Intermediate-mass Black Hole Candidate CO-0.40-0.22*: No Evidence for Cloud-Black Hole Interaction, but Evidence for a Cloud-Cloud Collision}",
      journal = {\apj},
     keywords = {Galaxy: center, ISM: abundances, ISM: clouds, Astrophysics - Astrophysics of Galaxies},
         year = 2018,
        month = jun,
       volume = {859},
       number = {2},
          eid = {86},
        pages = {86},
          doi = {10.3847/1538-4357/aabd77},
archivePrefix = {arXiv},
       eprint = {1804.03661},
 primaryClass = {astro-ph.GA},
       adsurl = {https://ui.adsabs.harvard.edu/abs/2018ApJ...859...86T},
      adsnote = {Provided by the SAO/NASA Astrophysics Data System}
}


@ARTICLE{Tsuboi2017,
       author = {{Tsuboi}, Masato and {Kitamura}, Yoshimi and {Tsutsumi}, Takahiro and {Uehara}, Kenta and {Miyoshi}, Makoto and {Miyawaki}, Ryosuke and {Miyazaki}, Atsushi},
        title = "{The Second Galactic Center Black Hole? A Possible Detection of Ionized Gas Orbiting around an IMBH Embedded in the Galactic Center IRS13E Complex}",
      journal = {\apjl},
     keywords = {accretion, accretion disks, Galaxy: center, stars: formation, Astrophysics - Astrophysics of Galaxies, Astrophysics - High Energy Astrophysical Phenomena},
         year = 2017,
        month = nov,
       volume = {850},
       number = {1},
          eid = {L5},
        pages = {L5},
          doi = {10.3847/2041-8213/aa97d3},
archivePrefix = {arXiv},
       eprint = {1711.00612},
 primaryClass = {astro-ph.GA},
       adsurl = {https://ui.adsabs.harvard.edu/abs/2017ApJ...850L...5T},
      adsnote = {Provided by the SAO/NASA Astrophysics Data System}
}


@ARTICLE{Sahai2017,
       author = {{Sahai}, R. and {Vlemmings}, W.~H.~T. and {Nyman}, L. -{\r{A}}.},
        title = "{The Coldest Place in the Universe: Probing the Ultra-cold Outflow and Dusty Disk in the Boomerang Nebula}",
      journal = {\apj},
     keywords = {binaries: close, circumstellar matter, planetary nebulae: individual: Boomerang Nebula, polarization, stars: AGB and post-AGB, stars: mass-loss, Astrophysics - Astrophysics of Galaxies, Astrophysics - Solar and Stellar Astrophysics},
         year = 2017,
        month = jun,
       volume = {841},
       number = {2},
          eid = {110},
        pages = {110},
          doi = {10.3847/1538-4357/aa6d86},
archivePrefix = {arXiv},
       eprint = {1703.06929},
 primaryClass = {astro-ph.GA},
       adsurl = {https://ui.adsabs.harvard.edu/abs/2017ApJ...841..110S},
      adsnote = {Provided by the SAO/NASA Astrophysics Data System}
}


@ARTICLE{Cigan2019,
       author = {{Cigan}, Phil and {Matsuura}, Mikako and {Gomez}, Haley L. and {Indebetouw}, Remy and {Abell{\'a}n}, Fran and {Gabler}, Michael and {Richards}, Anita and {Alp}, Dennis and {Davis}, Timothy A. and {Janka}, Hans-Thomas and {Spyromilio}, Jason and {Barlow}, M.~J. and {Burrows}, David and {Dwek}, Eli and {Fransson}, Claes and {Gaensler}, Bryan and {Larsson}, Josefin and {Bouchet}, P. and {Lundqvist}, Peter and {Marcaide}, J.~M. and {Ng}, C. -Y. and {Park}, Sangwook and {Roche}, Pat and {van Loon}, Jacco Th. and {Wheeler}, J.~C. and {Zanardo}, Giovanna},
        title = "{High Angular Resolution ALMA Images of Dust and Molecules in the SN 1987A Ejecta}",
      journal = {\apj},
     keywords = {Interstellar dust, Interstellar molecules, Supernovae, 836, 1668, 849, Astrophysics - High Energy Astrophysical Phenomena, Astrophysics - Solar and Stellar Astrophysics},
         year = 2019,
        month = nov,
       volume = {886},
       number = {1},
          eid = {51},
        pages = {51},
          doi = {10.3847/1538-4357/ab4b46},
archivePrefix = {arXiv},
       eprint = {1910.02960},
 primaryClass = {astro-ph.HE},
       adsurl = {https://ui.adsabs.harvard.edu/abs/2019ApJ...886...51C},
      adsnote = {Provided by the SAO/NASA Astrophysics Data System}
}


@ARTICLE{Sahai2015,
       author = {{Sahai}, R. and {Patel}, N.~A.},
        title = "{An Extreme High-velocity Bipolar Outflow in the Pre-planetary Nebula IRAS 08005-2356}",
      journal = {\apjl},
     keywords = {accretion, accretion disks, circumstellar matter, planetary nebulae: individual: IRAS08005-2356, stars: AGB and post-AGB, stars: mass-loss, stars: winds, outflows, Astrophysics - Solar and Stellar Astrophysics},
         year = 2015,
        month = sep,
       volume = {810},
       number = {1},
          eid = {L8},
        pages = {L8},
          doi = {10.1088/2041-8205/810/1/L8},
archivePrefix = {arXiv},
       eprint = {1507.01566},
 primaryClass = {astro-ph.SR},
       adsurl = {https://ui.adsabs.harvard.edu/abs/2015ApJ...810L...8S},
      adsnote = {Provided by the SAO/NASA Astrophysics Data System}
}


@ARTICLE{Antonini2010,
       author = {{Antonini}, Fabio and {Montez}, Rodolfo, Jr. and {Kastner}, Joel H. and {Bond}, Howard E. and {Soker}, Noam and {Tylenda}, Romuald and {Starrfield}, Sumner and {Behar}, Ehud},
        title = "{XMM-Newton Detection of a Transient X-ray Source in the Vicinity of V838 Monocerotis}",
      journal = {\apj},
     keywords = {stars: individual: V838 Mon, stars: mass-loss, stars: peculiar, supergiants, Astrophysics - Solar and Stellar Astrophysics, Astrophysics - Astrophysics of Galaxies},
         year = 2010,
        month = jul,
       volume = {717},
       number = {2},
        pages = {795-802},
          doi = {10.1088/0004-637X/717/2/795},
archivePrefix = {arXiv},
       eprint = {0910.0503},
 primaryClass = {astro-ph.SR},
       adsurl = {https://ui.adsabs.harvard.edu/abs/2010ApJ...717..795A},
      adsnote = {Provided by the SAO/NASA Astrophysics Data System}
}

@ARTICLE{Bond2003,
       author = {{Bond}, Howard E. and {Henden}, Arne and {Levay}, Zoltan G. and {Panagia}, Nino and {Sparks}, William B. and {Starrfield}, Sumner and {Wagner}, R. Mark and {Corradi}, R.~L.~M. and {Munari}, U.},
        title = "{An energetic stellar outburst accompanied by circumstellar light echoes}",
      journal = {\nat},
     keywords = {Astrophysics},
         year = 2003,
        month = mar,
       volume = {422},
       number = {6930},
        pages = {405-408},
          doi = {10.1038/nature01508},
archivePrefix = {arXiv},
       eprint = {astro-ph/0303513},
 primaryClass = {astro-ph},
       adsurl = {https://ui.adsabs.harvard.edu/abs/2003Natur.422..405B},
      adsnote = {Provided by the SAO/NASA Astrophysics Data System}
}

@ARTICLE{Kaminski2021,
       author = {{Kami{\'n}ski}, Tomek and {Tylenda}, Romuald and {Kiljan}, Aleksandra and {Schmidt}, Mirek and {Lisiecki}, Krzysztof and {Melis}, Carl and {Frankowski}, Adam and {Joshi}, Vishal and {Menten}, Karl M.},
        title = "{V838 Monocerotis as seen by ALMA: A remnant of a binary merger in a triple system}",
      journal = {\aap},
     keywords = {astrochemistry, shock waves, stars: individual: V838 Mon, circumstellar matter, techniques: interferometric, Astrophysics - Solar and Stellar Astrophysics},
         year = 2021,
        month = nov,
       volume = {655},
          eid = {A32},
        pages = {A32},
          doi = {10.1051/0004-6361/202141526},
archivePrefix = {arXiv},
       eprint = {2106.07427},
 primaryClass = {astro-ph.SR},
       adsurl = {https://ui.adsabs.harvard.edu/abs/2021A&A...655A..32K},
      adsnote = {Provided by the SAO/NASA Astrophysics Data System}
}


@ARTICLE{Tokuyama2019,
       author = {{Tokuyama}, Sekito and {Oka}, Tomoharu and {Takekawa}, Shunya and {Iwata}, Yuhei and {Tsujimoto}, Shiho and {Yamada}, Masaya and {Furusawa}, Maiko and {Nomura}, Mariko},
        title = "{High-resolution CO images of the Galactic central molecular zone}",
      journal = {\pasj},
     keywords = {Galaxy: center, Galaxy: kinematics and dynamics, ISM: molecules, surveys},
         year = 2019,
        month = dec,
       volume = {71},
          eid = {S19},
        pages = {S19},
          doi = {10.1093/pasj/psy150},
       adsurl = {https://ui.adsabs.harvard.edu/abs/2019PASJ...71S..19T},
      adsnote = {Provided by the SAO/NASA Astrophysics Data System}
}


@ARTICLE{Retter2006,
       author = {{Retter}, Alon and {Zhang}, Bing and {Siess}, Lionel and {Levinson}, Amir},
        title = "{The planets capture model of V838 Monocerotis: conclusions for the penetration depth of the planet(s)}",
      journal = {\mnras},
     keywords = {accretion, accretion discs: stars: AGB and post-AGB: stars: individual: V838 Mon: planetary systems, accretion discs, stars: AGB and post-AGB, stars: individual: V838 Mon, planetary systems},
         year = 2006,
        month = aug,
       volume = {370},
       number = {3},
        pages = {1573-1580},
          doi = {10.1111/j.1365-2966.2006.10585.x},
       adsurl = {https://ui.adsabs.harvard.edu/abs/2006MNRAS.370.1573R},
      adsnote = {Provided by the SAO/NASA Astrophysics Data System}
}


@ARTICLE{Kaminski2018,
       author = {{Kami{\'n}ski}, T. and {Steffen}, W. and {Tylenda}, R. and {Young}, K.~H. and {Patel}, N.~A. and {Menten}, K.~M.},
        title = "{Submillimeter-wave emission of three Galactic red novae: cool molecular outflows produced by stellar mergers}",
      journal = {\aap},
     keywords = {stars: mass-loss, stars: individual: V1309 Sco, stars: individual: V4332 Sgr, stars: individual: V838 Mon, circumstellar matter, submillimeter: stars, astrochemistry, Astrophysics - Solar and Stellar Astrophysics},
         year = 2018,
        month = oct,
       volume = {617},
          eid = {A129},
        pages = {A129},
          doi = {10.1051/0004-6361/201833165},
archivePrefix = {arXiv},
       eprint = {1804.01610},
 primaryClass = {astro-ph.SR},
       adsurl = {https://ui.adsabs.harvard.edu/abs/2018A&A...617A.129K},
      adsnote = {Provided by the SAO/NASA Astrophysics Data System}
}


@ARTICLE{MacLeod2022,
       author = {{MacLeod}, Morgan and {De}, Kishalay and {Loeb}, Abraham},
        title = "{Dusty, Self-obscured Transients from Stellar Coalescence}",
      journal = {\apj},
     keywords = {Common envelope evolution, Stellar mergers, Circumstellar dust, Circumstellar matter, Transient sources, 2154, 2157, 236, 241, 1851, Astrophysics - Solar and Stellar Astrophysics, Astrophysics - Astrophysics of Galaxies},
         year = 2022,
        month = oct,
       volume = {937},
       number = {2},
          eid = {96},
        pages = {96},
          doi = {10.3847/1538-4357/ac8c31},
archivePrefix = {arXiv},
       eprint = {2205.07929},
 primaryClass = {astro-ph.SR},
       adsurl = {https://ui.adsabs.harvard.edu/abs/2022ApJ...937...96M},
      adsnote = {Provided by the SAO/NASA Astrophysics Data System}
}


@ARTICLE{Traficante2011,
       author = {{Traficante}, A. and {Calzoletti}, L. and {Veneziani}, M. and {Ali}, B. and {de Gasperis}, G. and {di Giorgio}, A.~M. and {Faustini}, F. and {Ikhenaode}, D. and {Molinari}, S. and {Natoli}, P. and {Pestalozzi}, M. and {Pezzuto}, S. and {Piacentini}, F. and {Piazzo}, L. and {Polenta}, G. and {Schisano}, E.},
        title = "{Data reduction pipeline for the Hi-GAL survey}",
      journal = {\mnras},
     keywords = {instrumentation: photometers, methods: data analysis, techniques: image processing, Astrophysics - Instrumentation and Methods for Astrophysics, Astrophysics - Astrophysics of Galaxies},
         year = 2011,
        month = oct,
       volume = {416},
       number = {4},
        pages = {2932-2943},
          doi = {10.1111/j.1365-2966.2011.19244.x},
archivePrefix = {arXiv},
       eprint = {1106.0698},
 primaryClass = {astro-ph.IM},
       adsurl = {https://ui.adsabs.harvard.edu/abs/2011MNRAS.416.2932T},
      adsnote = {Provided by the SAO/NASA Astrophysics Data System}
}


@ARTICLE{Battersby2020,
       author = {{Battersby}, Cara and {Keto}, Eric and {Walker}, Daniel and {Barnes}, Ashley and {Callanan}, Daniel and {Ginsburg}, Adam and {Hatchfield}, H. Perry and {Henshaw}, Jonathan and {Kauffmann}, Jens and {Kruijssen}, J.~M. Diederik and {Longmore}, Steven N. and {Lu}, Xing and {Mills}, Elisabeth A.~C. and {Pillai}, Thushara and {Zhang}, Qizhou and {Bally}, John and {Butterfield}, Natalie and {Contreras}, Yanett A. and {Ho}, Luis C. and {Ott}, J{\"u}rgen and {Patel}, Nimesh and {Tolls}, Volker},
        title = "{CMZoom: Survey Overview and First Data Release}",
      journal = {\apjs},
     keywords = {Star formation, Galactic center, Submillimeter astronomy, Star-forming regions, Dense interstellar clouds, Molecular clouds, Infrared dark clouds, Protostars, Interferometry, 1569, 565, 1647, 1565, 371, 1072, 787, 1302, 808, Astrophysics - Astrophysics of Galaxies},
         year = 2020,
        month = aug,
       volume = {249},
       number = {2},
          eid = {35},
        pages = {35},
          doi = {10.3847/1538-4365/aba18e},
archivePrefix = {arXiv},
       eprint = {2007.05023},
 primaryClass = {astro-ph.GA},
       adsurl = {https://ui.adsabs.harvard.edu/abs/2020ApJS..249...35B},
      adsnote = {Provided by the SAO/NASA Astrophysics Data System}
}


@ARTICLE{Uehara2019,
       author = {{Uehara}, Kenta and {Tsuboi}, Masato and {Kitamura}, Yoshimi and {Miyawaki}, Ryosuke and {Miyazaki}, Atsushi},
        title = "{Molecular Cloud Cores in the Galactic Center 50 km s$^{-1}$ Molecular Cloud}",
      journal = {\apj},
     keywords = {Galaxy: center, ISM: clouds, ISM: molecules, stars: formation, Astrophysics - Astrophysics of Galaxies},
         year = 2019,
        month = feb,
       volume = {872},
       number = {2},
          eid = {121},
        pages = {121},
          doi = {10.3847/1538-4357/aafee7},
archivePrefix = {arXiv},
       eprint = {1903.01759},
 primaryClass = {astro-ph.GA},
       adsurl = {https://ui.adsabs.harvard.edu/abs/2019ApJ...872..121U},
      adsnote = {Provided by the SAO/NASA Astrophysics Data System}
}



@ARTICLE{Humire2020,
       author = {{Humire}, P.~K. and {Thiel}, V. and {Henkel}, C. and {Belloche}, A. and {Loison}, J. -C. and {Pillai}, T. and {Riquelme}, D. and {Wakelam}, V. and {Langer}, N. and {Hern{\'a}ndez-G{\'o}mez}, A. and {Mauersberger}, R. and {Menten}, K.~M.},
        title = "{Sulphur and carbon isotopes towards Galactic centre clouds}",
      journal = {\aap},
     keywords = {Astrophysics - Astrophysics of Galaxies, Astrophysics - Solar and Stellar Astrophysics},
         year = 2020,
        month = oct,
       volume = {642},
          eid = {A222},
        pages = {A222},
          doi = {10.1051/0004-6361/202038216},
archivePrefix = {arXiv},
       eprint = {2009.07306},
 primaryClass = {astro-ph.GA},
       adsurl = {https://ui.adsabs.harvard.edu/abs/2020A&A...642A.222H},
      adsnote = {Provided by the SAO/NASA Astrophysics Data System}
}


@ARTICLE{Yan2023,
       author = {{Yan}, Y.~T. and {Henkel}, C. and {Kobayashi}, C. and {Menten}, K.~M. and {Gong}, Y. and {Zhang}, J.~S. and {Yu}, H.~Z. and {Yang}, K. and {Xie}, J.~J. and {Wang}, Y.~X.},
        title = "{Direct measurements of carbon and sulfur isotope ratios in the Milky Way}",
      journal = {\aap},
     keywords = {nuclear reactions, nucleosynthesis, abundances, Galaxy: evolution, Galaxy: formation, ISM: abundances, HII regions, ISM: molecules, Astrophysics - Astrophysics of Galaxies},
         year = 2023,
        month = feb,
       volume = {670},
          eid = {A98},
        pages = {A98},
          doi = {10.1051/0004-6361/202244584},
archivePrefix = {arXiv},
       eprint = {2212.03252},
 primaryClass = {astro-ph.GA},
       adsurl = {https://ui.adsabs.harvard.edu/abs/2023A&A...670A..98Y},
      adsnote = {Provided by the SAO/NASA Astrophysics Data System}
}


@ARTICLE{Li2001,
       author = {{Li}, Aigen and {Draine}, B.~T.},
        title = "{Infrared Emission from Interstellar Dust. II. The Diffuse Interstellar Medium}",
      journal = {\apj},
     keywords = {ISM: Dust, Extinction, Infrared: ISM: Continuum, Infrared: ISM: Lines and Bands, ISM: Abundances, Radiation Mechanisms: Thermal, Ultraviolet: ISM, Astrophysics},
         year = 2001,
        month = jun,
       volume = {554},
       number = {2},
        pages = {778-802},
          doi = {10.1086/323147},
archivePrefix = {arXiv},
       eprint = {astro-ph/0011319},
 primaryClass = {astro-ph},
       adsurl = {https://ui.adsabs.harvard.edu/abs/2001ApJ...554..778L},
      adsnote = {Provided by the SAO/NASA Astrophysics Data System}
}

@ARTICLE{Draine2006,
       author = {{Draine}, B.~T.},
        title = "{On the Submillimeter Opacity of Protoplanetary Disks}",
      journal = {\apj},
     keywords = {ISM: Dust, Extinction, Stars: Planetary Systems: Protoplanetary Disks, Submillimeter, Astrophysics},
         year = 2006,
        month = jan,
       volume = {636},
       number = {2},
        pages = {1114-1120},
          doi = {10.1086/498130},
archivePrefix = {arXiv},
       eprint = {astro-ph/0507292},
 primaryClass = {astro-ph},
       adsurl = {https://ui.adsabs.harvard.edu/abs/2006ApJ...636.1114D},
      adsnote = {Provided by the SAO/NASA Astrophysics Data System}
}


@ARTICLE{Kaminski2019,
       author = {{Kami{\'n}ski}, T.},
        title = "{Massive dust clumps in the envelope of the red supergiant VY Canis Majoris}",
      journal = {\aap},
     keywords = {stars: winds, outflows, circumstellar matter, stars: individual: VY CMa, submillimeter: stars, Astrophysics - Solar and Stellar Astrophysics, Astrophysics - Astrophysics of Galaxies},
         year = 2019,
        month = jul,
       volume = {627},
          eid = {A114},
        pages = {A114},
          doi = {10.1051/0004-6361/201935408},
archivePrefix = {arXiv},
       eprint = {1903.09558},
 primaryClass = {astro-ph.SR},
       adsurl = {https://ui.adsabs.harvard.edu/abs/2019A&A...627A.114K},
      adsnote = {Provided by the SAO/NASA Astrophysics Data System}
}


@ARTICLE{Draine1984,
       author = {{Draine}, B.~T. and {Lee}, H.~M.},
        title = "{Optical Properties of Interstellar Graphite and Silicate Grains}",
      journal = {\apj},
     keywords = {Granular Materials, Graphite, Interstellar Matter, Optical Properties, Silicates, Absorption Cross Sections, Infrared Astronomy, Opacity, Particle Interactions, Scattering Cross Sections, Astrophysics},
         year = 1984,
        month = oct,
       volume = {285},
        pages = {89},
          doi = {10.1086/162480},
       adsurl = {https://ui.adsabs.harvard.edu/abs/1984ApJ...285...89D},
      adsnote = {Provided by the SAO/NASA Astrophysics Data System}
}


@ARTICLE{Hopkins2014,
       author = {{Hopkins}, Philip F.},
        title = "{Some Stars are Totally Metal: A New Mechanism Driving Dust across Star-forming Clouds, and Consequences for Planets, Stars, and Galaxies}",
      journal = {\apj},
     keywords = {galaxies: evolution, galaxies: formation, hydrodynamics, protoplanetary disks, stars: formation, Astrophysics - Astrophysics of Galaxies, Astrophysics - Earth and Planetary Astrophysics, Astrophysics - Solar and Stellar Astrophysics},
         year = 2014,
        month = dec,
       volume = {797},
       number = {1},
          eid = {59},
        pages = {59},
          doi = {10.1088/0004-637X/797/1/59},
archivePrefix = {arXiv},
       eprint = {1406.5509},
 primaryClass = {astro-ph.GA},
       adsurl = {https://ui.adsabs.harvard.edu/abs/2014ApJ...797...59H},
      adsnote = {Provided by the SAO/NASA Astrophysics Data System}
}


@ARTICLE{Bianchi2007,
       author = {{Bianchi}, Simone and {Schneider}, Raffaella},
        title = "{Dust formation and survival in supernova ejecta}",
      journal = {\mnras},
     keywords = {shock waves, supernovae: individual: Cassiopeia A, dust, extinction, supernova remnants, Astrophysics},
         year = 2007,
        month = jul,
       volume = {378},
       number = {3},
        pages = {973-982},
          doi = {10.1111/j.1365-2966.2007.11829.x},
archivePrefix = {arXiv},
       eprint = {0704.0586},
 primaryClass = {astro-ph},
       adsurl = {https://ui.adsabs.harvard.edu/abs/2007MNRAS.378..973B},
      adsnote = {Provided by the SAO/NASA Astrophysics Data System}
}


@ARTICLE{Price2021,
       author = {{Price}, Teri J. and {Forrey}, Robert C. and {Yang}, Benhui and {Stancil}, Phillip C.},
        title = "{Fine-structure resolved rovibrational transitions for SO + H$_{2}$ collisions}",
      journal = {\jcp},
         year = 2021,
        month = jan,
       volume = {154},
       number = {3},
          eid = {034301},
        pages = {034301},
          doi = {10.1063/5.0036964},
       adsurl = {https://ui.adsabs.harvard.edu/abs/2021JChPh.154c4301P},
      adsnote = {Provided by the SAO/NASA Astrophysics Data System}
}


@ARTICLE{Kemper2003,
       author = {{Kemper}, F. and {Stark}, R. and {Justtanont}, K. and {de Koter}, A. and {Tielens}, A.~G.~G.~M. and {Waters}, L.~B.~F.~M. and {Cami}, J. and {Dijkstra}, C.},
        title = "{Mass loss and rotational CO emission from Asymptotic Giant Branch stars}",
      journal = {\aap},
     keywords = {Astrophysics},
         year = 2003,
        month = aug,
       volume = {407},
        pages = {609-629},
          doi = {10.1051/0004-6361:20030701},
archivePrefix = {arXiv},
       eprint = {astro-ph/0305207},
 primaryClass = {astro-ph},
       adsurl = {https://ui.adsabs.harvard.edu/abs/2003A&A...407..609K},
      adsnote = {Provided by the SAO/NASA Astrophysics Data System}
}

@ARTICLE{Mauron2011,
       author = {{Mauron}, N. and {Josselin}, E.},
        title = "{The mass-loss rates of red supergiants and the de Jager prescription}",
      journal = {\aap},
     keywords = {stars: massive, stars: mass-loss, supergiants, Astrophysics - Solar and Stellar Astrophysics},
         year = 2011,
        month = feb,
       volume = {526},
          eid = {A156},
        pages = {A156},
          doi = {10.1051/0004-6361/201013993},
archivePrefix = {arXiv},
       eprint = {1010.5369},
 primaryClass = {astro-ph.SR},
       adsurl = {https://ui.adsabs.harvard.edu/abs/2011A&A...526A.156M},
      adsnote = {Provided by the SAO/NASA Astrophysics Data System}
}

@ARTICLE{Omont1993,
       author = {{Omont}, A. and {Lucas}, R. and {Morris}, M. and {Guilloteau}, S.},
        title = "{S-bearing molecules in O-rich circumstellar envelopes.}",
      journal = {\aap},
     keywords = {Abundance, Interstellar Chemistry, Stellar Composition, Stellar Envelopes, Stellar Spectra, Emission Spectra, Hydrogen Sulfide, Molecular Excitation, Sulfur Dioxides, Astrophysics},
         year = 1993,
        month = jan,
       volume = {267},
        pages = {490-514},
       adsurl = {https://ui.adsabs.harvard.edu/abs/1993A&A...267..490O},
      adsnote = {Provided by the SAO/NASA Astrophysics Data System}
}


@ARTICLE{Nogueras-Lara2020,
       author = {{Nogueras-Lara}, Francisco and {Sch{\"o}del}, Rainer and {Gallego-Calvente}, Aurelia Teresa and {Gallego-Cano}, Eulalia and {Shahzamanian}, Banafsheh and {Dong}, Hui and {Neumayer}, Nadine and {Hilker}, Michael and {Najarro}, Francisco and {Nishiyama}, Shogo and {Feldmeier-Krause}, Anja and {Girard}, Julien H.~V. and {Cassisi}, Santi},
        title = "{Early formation and recent starburst activity in the nuclear disk of the Milky Way}",
      journal = {Nature Astronomy},
     keywords = {Astrophysics - Astrophysics of Galaxies, Astrophysics - Solar and Stellar Astrophysics},
         year = 2020,
        month = jan,
       volume = {4},
        pages = {377-381},
          doi = {10.1038/s41550-019-0967-9},
archivePrefix = {arXiv},
       eprint = {1910.06968},
 primaryClass = {astro-ph.GA},
       adsurl = {https://ui.adsabs.harvard.edu/abs/2020NatAs...4..377N},
      adsnote = {Provided by the SAO/NASA Astrophysics Data System}
}


@ARTICLE{LePetit2006,
       author = {{Le Petit}, Franck and {Nehm{\'e}}, Cyrine and {Le Bourlot}, Jacques and {Roueff}, Evelyne},
        title = "{A Model for Atomic and Molecular Interstellar Gas: The Meudon PDR Code}",
      journal = {\apjs},
     keywords = {Astrochemistry, ISM: General, ISM: Molecules, Methods: Numerical, Astrophysics},
         year = 2006,
        month = jun,
       volume = {164},
       number = {2},
        pages = {506-529},
          doi = {10.1086/503252},
archivePrefix = {arXiv},
       eprint = {astro-ph/0602150},
 primaryClass = {astro-ph},
       adsurl = {https://ui.adsabs.harvard.edu/abs/2006ApJS..164..506L},
      adsnote = {Provided by the SAO/NASA Astrophysics Data System}
}


@ARTICLE{Dame2008,
       author = {{Dame}, T.~M. and {Thaddeus}, P.},
        title = "{A New Spiral Arm of the Galaxy: The Far 3 kpc Arm}",
      journal = {\apjl},
     keywords = {Galaxy: center, Galaxy: kinematics and dynamics, Galaxy: structure, ISM: molecules, radio lines: ISM, Astrophysics},
         year = 2008,
        month = aug,
       volume = {683},
       number = {2},
        pages = {L143},
          doi = {10.1086/591669},
archivePrefix = {arXiv},
       eprint = {0807.1752},
 primaryClass = {astro-ph},
       adsurl = {https://ui.adsabs.harvard.edu/abs/2008ApJ...683L.143D},
      adsnote = {Provided by the SAO/NASA Astrophysics Data System}
}


@ARTICLE{Dicker2009,
       author = {{Dicker}, S.~R. and {Mason}, B.~S. and {Korngut}, P.~M. and {Cotton}, W.~D. and {Compi{\`e}gne}, M. and {Devlin}, M.~J. and {Martin}, P.~G. and {Ade}, P.~A.~R. and {Benford}, D.~J. and {Irwin}, K.~D. and {Maddalena}, R.~J. and {McMullin}, J.~P. and {Shepherd}, D.~S. and {Sievers}, A. and {Staguhn}, J.~G. and {Tucker}, C.},
        title = "{90 GHz and 150 GHz Observations of the Orion M42 Region. A Submillimeter to Radio Analysis}",
      journal = {\apj},
     keywords = {H II regions, ISM: individual: M42 Orion Nebula, radio continuum: ISM, submillimeter, Astrophysics - Galaxy Astrophysics},
         year = 2009,
        month = nov,
       volume = {705},
       number = {1},
        pages = {226-236},
          doi = {10.1088/0004-637X/705/1/226},
archivePrefix = {arXiv},
       eprint = {0907.1300},
 primaryClass = {astro-ph.GA},
       adsurl = {https://ui.adsabs.harvard.edu/abs/2009ApJ...705..226D},
      adsnote = {Provided by the SAO/NASA Astrophysics Data System}
}


@ARTICLE{Morris1996,
       author = {{Morris}, Mark and {Serabyn}, Eugene},
        title = "{The Galactic Center Environment}",
      journal = {\araa},
         year = 1996,
        month = jan,
       volume = {34},
        pages = {645-702},
          doi = {10.1146/annurev.astro.34.1.645},
       adsurl = {https://ui.adsabs.harvard.edu/abs/1996ARA&A..34..645M},
      adsnote = {Provided by the SAO/NASA Astrophysics Data System}
}


@INPROCEEDINGS{Henshaw2023,
       author = {{Henshaw}, J.~D. and {Barnes}, A.~T. and {Battersby}, C. and {Ginsburg}, A. and {Sormani}, M.~C. and {Walker}, D.~L.},
        title = "{Star Formation in the Central Molecular Zone of the Milky Way}",
     keywords = {Astrophysics - Astrophysics of Galaxies},
    booktitle = {Protostars and Planets VII},
         year = 2023,
       editor = {{Inutsuka}, S. and {Aikawa}, Y. and {Muto}, T. and {Tomida}, K. and {Tamura}, M.},
       series = {Astronomical Society of the Pacific Conference Series},
       volume = {534},
        month = jul,
        pages = {83},
          doi = {10.48550/arXiv.2203.11223},
archivePrefix = {arXiv},
       eprint = {2203.11223},
 primaryClass = {astro-ph.GA},
       adsurl = {https://ui.adsabs.harvard.edu/abs/2023ASPC..534...83H},
      adsnote = {Provided by the SAO/NASA Astrophysics Data System}
}


@ARTICLE{DutkowskaVermarien2024,
   author = {{Dutkowska}, K.~M. and {Vermari{\"e}n}, G. and {Viti}, S. and {ACES collaboration}},
    title = "{Modeling the CMZ: protostellar heating and c-shocks in the Galactic center}",
     year = {in prep.},
     journal = {in prep.},
     howpublished = {in prep.}
}

@ARTICLE{Indriolo2015,
       author = {{Indriolo}, Nick and {Neufeld}, D.~A. and {Gerin}, M. and {Schilke}, P. and {Benz}, A.~O. and {Winkel}, B. and {Menten}, K.~M. and {Chambers}, E.~T. and {Black}, John H. and {Bruderer}, S. and {Falgarone}, E. and {Godard}, B. and {Goicoechea}, J.~R. and {Gupta}, H. and {Lis}, D.~C. and {Ossenkopf}, V. and {Persson}, C.~M. and {Sonnentrucker}, P. and {van der Tak}, F.~F.~S. and {van Dishoeck}, E.~F. and {Wolfire}, Mark G. and {Wyrowski}, F.},
        title = "{Herschel Survey of Galactic OH$^{+}$, H$_{2}$O$^{+}$, and H$_{3}$O$^{+}$: Probing the Molecular Hydrogen Fraction and Cosmic-Ray Ionization Rate}",
      journal = {\apj},
     keywords = {astrochemistry, cosmic rays, Astrophysics - Astrophysics of Galaxies},
         year = 2015,
        month = feb,
       volume = {800},
       number = {1},
          eid = {40},
        pages = {40},
          doi = {10.1088/0004-637X/800/1/40},
archivePrefix = {arXiv},
       eprint = {1412.1106},
 primaryClass = {astro-ph.GA},
       adsurl = {https://ui.adsabs.harvard.edu/abs/2015ApJ...800...40I},
      adsnote = {Provided by the SAO/NASA Astrophysics Data System}
}

@ARTICLE{Mathis1983,
       author = {{Mathis}, J.~S. and {Mezger}, P.~G. and {Panagia}, N.},
        title = "{Interstellar radiation field and dust temperatures in the diffuse interstellar medium and in giant molecular clouds}",
      journal = {\aap},
     keywords = {Cosmic Dust, Interstellar Matter, Interstellar Radiation, Molecular Clouds, Graphite, Radiation Distribution, Radiative Transfer, Silicates, Temperature Profiles, Astrophysics},
         year = 1983,
        month = nov,
       volume = {128},
        pages = {212-229},
       adsurl = {https://ui.adsabs.harvard.edu/abs/1983A&A...128..212M},
      adsnote = {Provided by the SAO/NASA Astrophysics Data System}
}


@ARTICLE{LePetit2016,
       author = {{Le Petit}, Franck and {Ruaud}, Maxime and {Bron}, Emeric and {Godard}, Benjamin and {Roueff}, Evelyne and {Languignon}, David and {Le Bourlot}, Jacques},
        title = "{Physical conditions in the central molecular zone inferred by H$_{3}$$^{+}$}",
      journal = {\aap},
     keywords = {astrochemistry, ISM: molecules, cosmic rays, ISM: clouds, Galaxy: nucleus, Astrophysics - Astrophysics of Galaxies},
         year = 2016,
        month = jan,
       volume = {585},
          eid = {A105},
        pages = {A105},
          doi = {10.1051/0004-6361/201526658},
archivePrefix = {arXiv},
       eprint = {1510.02221},
 primaryClass = {astro-ph.GA},
       adsurl = {https://ui.adsabs.harvard.edu/abs/2016A&A...585A.105L},
      adsnote = {Provided by the SAO/NASA Astrophysics Data System}
}

@ARTICLE{Fitzpatrick2007,
       author = {{Fitzpatrick}, E.~L. and {Massa}, D.},
        title = "{An Analysis of the Shapes of Interstellar Extinction Curves. V. The IR-through-UV Curve Morphology}",
      journal = {\apj},
     keywords = {ISM: Dust, Extinction, Methods: Data Analysis, Astrophysics},
         year = 2007,
        month = jul,
       volume = {663},
       number = {1},
        pages = {320-341},
          doi = {10.1086/518158},
archivePrefix = {arXiv},
       eprint = {0705.0154},
 primaryClass = {astro-ph},
       adsurl = {https://ui.adsabs.harvard.edu/abs/2007ApJ...663..320F},
      adsnote = {Provided by the SAO/NASA Astrophysics Data System}
}


@ARTICLE{Bohlin1978,
       author = {{Bohlin}, R.~C. and {Savage}, B.~D. and {Drake}, J.~F.},
        title = "{A survey of interstellar H I from Lalpha absorption measurements. II.}",
      journal = {\apj},
     keywords = {Hydrogen Clouds, Interstellar Gas, Lyman Alpha Radiation, Molecular Absorption, Ultraviolet Spectra, Abundance, Hydrogen Atoms, Interstellar Extinction, Neutral Particles, Oao 2, Satellite Observation, Astrophysics, Interstellar Matter:Molecules, Interstellar Matter:Neutral Hydrogen},
         year = 1978,
        month = aug,
       volume = {224},
        pages = {132-142},
          doi = {10.1086/156357},
       adsurl = {https://ui.adsabs.harvard.edu/abs/1978ApJ...224..132B},
      adsnote = {Provided by the SAO/NASA Astrophysics Data System}
}

@ARTICLE{Goicoechea2021,
       author = {{Goicoechea}, Javier R. and {Cuadrado}, Sara},
        title = "{The initial gas-phase sulfur abundance in the Orion Molecular Cloud from sulfur radio recombination lines}",
      journal = {\aap},
     keywords = {ISM: abundances, radio lines: ISM, line: identification, photon-dominated region, Astrophysics - Astrophysics of Galaxies},
         year = 2021,
        month = mar,
       volume = {647},
          eid = {L7},
        pages = {L7},
          doi = {10.1051/0004-6361/202140517},
archivePrefix = {arXiv},
       eprint = {2103.03092},
 primaryClass = {astro-ph.GA},
       adsurl = {https://ui.adsabs.harvard.edu/abs/2021A&A...647L...7G},
      adsnote = {Provided by the SAO/NASA Astrophysics Data System}
}

@ARTICLE{Asplund2009,
       author = {{Asplund}, Martin and {Grevesse}, Nicolas and {Sauval}, A. Jacques and {Scott}, Pat},
        title = "{The Chemical Composition of the Sun}",
      journal = {\araa},
     keywords = {Astrophysics - Solar and Stellar Astrophysics, Astrophysics - Earth and Planetary Astrophysics},
         year = 2009,
        month = sep,
       volume = {47},
       number = {1},
        pages = {481-522},
          doi = {10.1146/annurev.astro.46.060407.145222},
archivePrefix = {arXiv},
       eprint = {0909.0948},
 primaryClass = {astro-ph.SR},
       adsurl = {https://ui.adsabs.harvard.edu/abs/2009ARA&A..47..481A},
      adsnote = {Provided by the SAO/NASA Astrophysics Data System}
}


@ARTICLE{Fuente2023,
       author = {{Fuente}, A. and {Rivi{\`e}re-Marichalar}, P. and {Beitia-Antero}, L. and {Caselli}, P. and {Wakelam}, V. and {Esplugues}, G. and {Rodr{\'\i}guez-Baras}, M. and {Navarro-Almaida}, D. and {Gerin}, M. and {Kramer}, C. and {Bachiller}, R. and {Goicoechea}, J.~R. and {Jim{\'e}nez-Serra}, I. and {Loison}, J.~C. and {Ivlev}, A. and {Mart{\'\i}n-Dom{\'e}nech}, R. and {Spezzano}, S. and {Roncero}, O. and {Mu{\~n}oz-Caro}, G. and {Cazaux}, S. and {Marcelino}, N.},
        title = "{Gas phase Elemental abundances in Molecular cloudS (GEMS). VII. Sulfur elemental abundance}",
      journal = {\aap},
     keywords = {astrochemistry, ISM: abundances, ISM: kinematics and dynamics, ISM: molecules, stars: formation, stars: low-mass, Astrophysics - Astrophysics of Galaxies, Astrophysics - Solar and Stellar Astrophysics},
         year = 2023,
        month = feb,
       volume = {670},
          eid = {A114},
        pages = {A114},
          doi = {10.1051/0004-6361/202244843},
archivePrefix = {arXiv},
       eprint = {2212.03742},
 primaryClass = {astro-ph.GA},
       adsurl = {https://ui.adsabs.harvard.edu/abs/2023A&A...670A.114F},
      adsnote = {Provided by the SAO/NASA Astrophysics Data System}
}


@ARTICLE{Ciurlo2020,
       author = {{Ciurlo}, Anna and {Campbell}, Randall D. and {Morris}, Mark R. and {Do}, Tuan and {Ghez}, Andrea M. and {Hees}, Aur{\'e}lien and {Sitarski}, Breann N. and {Kosmo O'Neil}, Kelly and {Chu}, Devin S. and {Martinez}, Gregory D. and {Naoz}, Smadar and {Stephan}, Alexander P.},
        title = "{A population of dust-enshrouded objects orbiting the Galactic black hole}",
      journal = {\nat},
     keywords = {Astrophysics - Astrophysics of Galaxies},
         year = 2020,
        month = jan,
       volume = {577},
       number = {7790},
        pages = {337-340},
          doi = {10.1038/s41586-019-1883-y},
archivePrefix = {arXiv},
       eprint = {2001.08325},
 primaryClass = {astro-ph.GA},
       adsurl = {https://ui.adsabs.harvard.edu/abs/2020Natur.577..337C},
      adsnote = {Provided by the SAO/NASA Astrophysics Data System}
}


@ARTICLE{Woodward2021,
       author = {{Woodward}, C.~E. and {Evans}, A. and {Banerjee}, D.~P.~K. and {Liimets}, T. and {Djupvik}, A.~A. and {Starrfield}, S. and {Clayton}, G.~C. and {Eyres}, S.~P.~S. and {Gehrz}, R.~D. and {Wagner}, R.~M.},
        title = "{The Infrared Evolution of Dust in V838 Monocerotis}",
      journal = {\aj},
     keywords = {Asymptotic giant branch stars, Circumstellar dust, Astrochemistry, 2100, 236, 75, Astrophysics - Solar and Stellar Astrophysics},
         year = 2021,
        month = nov,
       volume = {162},
       number = {5},
          eid = {183},
        pages = {183},
          doi = {10.3847/1538-3881/ac1f1e},
archivePrefix = {arXiv},
       eprint = {2108.08149},
 primaryClass = {astro-ph.SR},
       adsurl = {https://ui.adsabs.harvard.edu/abs/2021AJ....162..183W},
      adsnote = {Provided by the SAO/NASA Astrophysics Data System}
}


@ARTICLE{Jeff2024,
       author = {{Jeff}, Desmond and {Ginsburg}, Adam and {Bulatek}, Alyssa and {Budaiev}, Nazar and {S{\'a}nchez-Monge}, {\'A}lvaro and {Bonfand}, M{\'e}lisse and {Battersby}, Cara and {Meng}, Fanyi and {Schilke}, Peter and {Schmiedeke}, Anika},
        title = "{Thermal Properties of the Hot Core Population in Sagittarius B2 Deep South}",
      journal = {arXiv e-prints},
     keywords = {Astrophysics - Astrophysics of Galaxies},
         year = 2024,
        month = jan,
          eid = {arXiv:2401.09749},
        pages = {arXiv:2401.09749},
          doi = {10.48550/arXiv.2401.09749},
archivePrefix = {arXiv},
       eprint = {2401.09749},
 primaryClass = {astro-ph.GA},
       adsurl = {https://ui.adsabs.harvard.edu/abs/2024arXiv240109749J},
      adsnote = {Provided by the SAO/NASA Astrophysics Data System}
}

@ARTICLE{Budaiev2024,
       author = {{Budaiev}, Nazar and {Ginsburg}, Adam and {Jeff}, Desmond and {Goddi}, Ciriaco and {Meng}, Fanyi and {S{\'a}nchez-Monge}, {\'A}lvaro and {Schilke}, Peter and {Schmiedeke}, Anika and {Yoo}, Taehwa},
        title = "{Protostellar Cores in Sagittarius B2 N and M}",
      journal = {\apj},
     keywords = {Star formation, Initial mass function, Star forming regions, Protostars, Young stellar objects, 1569, 796, 1565, 1302, 1834, Astrophysics - Astrophysics of Galaxies},
         year = 2024,
        month = jan,
       volume = {961},
       number = {1},
          eid = {4},
        pages = {4},
          doi = {10.3847/1538-4357/ad0383},
archivePrefix = {arXiv},
       eprint = {2309.14407},
 primaryClass = {astro-ph.GA},
       adsurl = {https://ui.adsabs.harvard.edu/abs/2024ApJ...961....4B},
      adsnote = {Provided by the SAO/NASA Astrophysics Data System}
}

@ARTICLE{Bonfand2024,
       author = {{Bonfand}, M. and {Csengeri}, T. and {Bontemps}, S. and {Brouillet}, N. and {Motte}, F. and {Louvet}, F. and {Ginsburg}, A. and {Cunningham}, N. and {Galv{\'a}n-Madrid}, R. and {Herpin}, F. and {Wyrowski}, F. and {Valeille-Manet}, M. and {Stutz}, A.~M. and {Di Francesco}, J. and {Gusdorf}, A. and {Fern{\'a}ndez-L{\'o}pez}, M. and {Lefloch}, B. and {Liu}, H-L. and {Sanhueza}, P. and {{\'A}lvarez-Guti{\'e}rrez}, R.~H. and {Olguin}, F. and {Nony}, T. and {Lopez-Sepulcre}, A. and {Dell'Ova}, P. and {Pouteau}, Y. and {Jeff}, D. and {Chen}, H. -R.~V. and {Armante}, M. and {Towner}, A. and {Bronfman}, L. and {Kessler}, N.},
        title = "{ALMA-IMF XI: The sample of hot core candidates A rich population of young high-mass proto-stars unveiled by the emission of methyl formate}",
      journal = {arXiv e-prints},
     keywords = {Astrophysics - Astrophysics of Galaxies},
         year = 2024,
        month = feb,
          eid = {arXiv:2402.15023},
        pages = {arXiv:2402.15023},
          doi = {10.48550/arXiv.2402.15023},
archivePrefix = {arXiv},
       eprint = {2402.15023},
 primaryClass = {astro-ph.GA},
       adsurl = {https://ui.adsabs.harvard.edu/abs/2024arXiv240215023B},
      adsnote = {Provided by the SAO/NASA Astrophysics Data System}
}

@ARTICLE{Bonfand2017,
       author = {{Bonfand}, M. and {Belloche}, A. and {Menten}, K.~M. and {Garrod}, R.~T. and {M{\"u}ller}, H.~S.~P.},
        title = "{Exploring molecular complexity with ALMA (EMoCA): Detection of three new hot cores in Sagittarius B2(N)}",
      journal = {\aap},
     keywords = {stars: formation, ISM: individual objects: Sagittarius B2(N), astrochemistry, ISM: molecules, Astrophysics - Astrophysics of Galaxies},
         year = 2017,
        month = aug,
       volume = {604},
          eid = {A60},
        pages = {A60},
          doi = {10.1051/0004-6361/201730648},
archivePrefix = {arXiv},
       eprint = {1703.09544},
 primaryClass = {astro-ph.GA},
       adsurl = {https://ui.adsabs.harvard.edu/abs/2017A&A...604A..60B},
      adsnote = {Provided by the SAO/NASA Astrophysics Data System}
}


@article{ginsburgDenseGasGalactic2016,
  title = {Dense Gas in the {{Galactic}} Central Molecular Zone Is Warm and Heated by Turbulence},
  author = {Ginsburg, Adam and Henkel, Christian and Ao, Yiping and Riquelme, Denise and Kauffmann, Jens and Pillai, Thushara and Mills, Elisabeth A. C. and Requena-Torres, Miguel A. and Immer, Katharina and Testi, Leonardo and Ott, Juergen and Bally, John and Battersby, Cara and Darling, Jeremy and Aalto, Susanne and Stanke, Thomas and Kendrew, Sarah and Kruijssen, J. M. Diederik and Longmore, Steven and Dale, James and Guesten, Rolf and Menten, Karl M.},
  date = {2016-02-01},
  year = 2016,
  journaltitle = {Astronomy and Astrophysics},
  journal={\aap},
  volume = {586},
  pages = {A50},
  issn = {0004-6361},
  doi = {10.1051/0004-6361/201526100},
  url = {https://ui.adsabs.harvard.edu/abs/2016A&A...586A..50G},
  urldate = {2024-03-14},
  abstract = {Context. The Galactic center is the closest region where we can study star formation under extreme physical conditions like those in high-redshift galaxies. Aims: We measure the temperature of the dense gas in the central molecular zone (CMZ) and examine what drives it. Methods: We mapped the inner 300 pc of the CMZ in the temperature-sensitive J = 3-2 para-formaldehyde (p - H2CO) transitions. We used the 32,1-22,0/ 30,3-20,2 line ratio to determine the gas temperature in n \textasciitilde{} 104-105 cm-3 gas. We have produced temperature maps and cubes with 30'' and 1 km s-1 resolution and published all data in FITS form. Results: Dense gas temperatures in the Galactic center range from \textasciitilde 60 K to {$>$}100 K in selected regions. The highest gas temperatures TG{$>$} 100 K are observed around the Sgr B2 cores, in the extended Sgr B2 cloud, the 20 km s-1 and 50 km s-1 clouds, and in "The Brick" (G0.253+0.016). We infer an upper limit on the cosmic ray ionization rate ζCR{$<$} 10-14s-1. Conclusions: The dense molecular gas temperature of the region around our Galactic center is similar to values found in the central regions of other galaxies, in particular starburst systems. The gas temperature is uniformly higher than the dust temperature, confirming that dust is a coolant in the dense gas. Turbulent heating can readily explain the observed temperatures given the observed line widths. Cosmic rays cannot explain the observed variation in gas temperatures, so CMZ dense gas temperatures are not dominated by cosmic ray heating. The gas temperatures previously observed to be high in the inner \textasciitilde 75 pc are confirmed to be high in the entire CMZ. The data can be accessed from doi:10.7910/DVN/27601 and are available at the CDS via anonymous ftp to http://cdsarc.u-strasbg.fr (ftp://130.79.128.5) or via http://cdsarc.u-strasbg.fr/viz-bin/qcat?J/A+A/586/A50},
  keywords = {Astrophysics - Astrophysics of Galaxies,cosmic rays,Galaxy: center,Galaxy: nucleus,ISM: clouds,ISM: molecules,ISM: structure},
  annotation = {ADS Bibcode: 2016A\&A...586A..50G},

}

@article{millsDetectionWidespreadHot2013,
  title = {Detection of {{Widespread Hot Ammonia}} in the {{Galactic Center}}},
  author = {Mills, E. A. C. and Morris, M. R.},
  date = {2013-08-01},
  year = 2013,
  journaltitle = {The Astrophysical Journal},
  journal = {\apj},
  volume = {772},
  pages = {105},
  issn = {0004-637X},
  doi = {10.1088/0004-637X/772/2/105},
  url = {https://ui.adsabs.harvard.edu/abs/2013ApJ...772..105M},
  urldate = {2024-03-14},
  abstract = {We present the detection of metastable inversion lines of ammonia (NH3) from energy levels high above the ground state. We detect these lines in both emission and absorption toward 15 of 17 positions in the central 300 pc of the Galaxy. In total, we observe seven metastable transitions of NH3: (8, 8), (9, 9), (10, 10), (11, 11), (12, 12), (13, 13) and (15, 15), with energies (in Kelvins) ranging from 680 to 2200 K. We also mapped emission from NH3 (8, 8) and (9, 9) in two clouds in the Sgr A complex (M-0.02-0.07 and M-0.13-0.08), and we find that the line emission is concentrated toward the dense centers of these molecular clouds. The rotational temperatures derived from the metastable lines toward M-0.02-0.07 and M-0.13-0.08 and an additional cloud (M0.25+0.01) range from 350 to 450 K. Similarly highly-excited lines of NH3 have previously been observed toward Sgr B2, where gas with kinetic temperatures of \textasciitilde 600 K had been inferred. Our observations show that the existence of a hot molecular gas component is not unique to Sgr B2, but rather appears common to many Galactic center molecular clouds. In M-0.02-0.07, we find that the hot NH3 contributes \textasciitilde 10\% of the cloud's total NH3 column density, and further, that the hot NH3 in this cloud arises in gas which is extended or uniformly distributed on gsim10 arcsec scales. We discuss the implications of these constraints upon the nature of this hot gas component. In addition to the detection of hot metastable NH3 line emission, we also detect for the first time emission from nonmetastable inversion transitions of NH3 in both M-0.02-0.07 and M-0.13-0.08.},
  keywords = {Astrophysics - Astrophysics of Galaxies,Astrophysics - Cosmology and Nongalactic Astrophysics,Galaxy: center,ISM: clouds,ISM: molecules,radio lines: ISM},
  annotation = {ADS Bibcode: 2013ApJ...772..105M},

}

@article{zengComplexOrganicMolecules2018a,
  title = {Complex Organic Molecules in the {{Galactic Centre}}: The {{N-bearing}} Family},
  shorttitle = {Complex Organic Molecules in the {{Galactic Centre}}},
  author = {Zeng, S. and Jiménez-Serra, I. and Rivilla, V. M. and Martín, S. and Martín-Pintado, J. and Requena-Torres, M. A. and Armijos-Abendaño, J. and Riquelme, D. and Aladro, R.},
  date = {2018-08-01},
  year = 2018,
  journaltitle = {Monthly Notices of the Royal Astronomical Society},
  journal = {\mnras},
  volume = {478},
  pages = {2962--2975},
  issn = {0035-8711},
  doi = {10.1093/mnras/sty1174},
  url = {https://ui.adsabs.harvard.edu/abs/2018MNRAS.478.2962Z},
  urldate = {2024-03-14},
  abstract = {We present an unbiased spectral line survey towards the Galactic Centre (GC) quiescent giant molecular cloud, G+0.693 using the GBT and IRAM 30 telescopes. Our study highlights an extremely rich organic inventory of abundant amount of nitrogen (N)-bearing species in a source without signatures of star formation. We report the detection of 17 N-bearing species in this source, of which eight are complex organic molecules. A comparison of the derived abundances relative to H2 is made across various Galactic and extragalactic environments. We conclude that the unique chemistry in this source is likely to be dominated by low-velocity shocks with X-rays/cosmic rays also playing an important role in the chemistry. Like previous findings obtained for O-bearing molecules, our results for N-bearing species suggest a more efficient hydrogenation of these species on dust grains in G+0.693 than in hot cores in the Galactic disc, as a consequence of the low-dust temperatures coupled with energetic processing by X-ray/cosmic ray radiation in the GC.},
  keywords = {Astrophysics - Astrophysics of Galaxies,Galaxy: centre,ISM: abundances,ISM: clouds,ISM: molecules},
  annotation = {ADS Bibcode: 2018MNRAS.478.2962Z},
}

@ARTICLE{Schultheis2020,
       author = {{Schultheis}, M. and {Rojas-Arriagada}, A. and {Cunha}, K. and {Zoccali}, M. and {Chiappini}, C. and {Zasowski}, G. and {Queiroz}, A.~B.~A. and {Minniti}, D. and {Fritz}, T. and {Garc{\'\i}a-Hern{\'a}ndez}, D.~A. and {Nitschelm}, C. and {Zamora}, O. and {Hasselquist}, S. and {Fern{\'a}ndez-Trincado}, J.~G. and {Munoz}, R.~R.},
        title = "{Cool stars in the Galactic center as seen by APOGEE. M giants, AGB stars, and supergiant stars and candidates}",
      journal = {\aap},
     keywords = {Galaxy: bulge, Galaxy: stellar content, stars: fundamental parameters, stars: abundances, Astrophysics - Astrophysics of Galaxies},
         year = 2020,
        month = oct,
       volume = {642},
          eid = {A81},
        pages = {A81},
          doi = {10.1051/0004-6361/202038327},
archivePrefix = {arXiv},
       eprint = {2008.13687},
 primaryClass = {astro-ph.GA},
       adsurl = {https://ui.adsabs.harvard.edu/abs/2020A&A...642A..81S},
      adsnote = {Provided by the SAO/NASA Astrophysics Data System}
}

@ARTICLE{Richardson2024,
       author = {{Richardson}, Theo and {Ginsburg}, Adam and {Indebetouw}, R{\'e}my and {Robitaille}, Thomas P.},
        title = "{An Updated Modular Set of Synthetic Spectral Energy Distributions for Young Stellar Objects}",
      journal = {\apj},
     keywords = {Astronomy databases, Protostars, Star formation, Radiative transfer, 83, 1302, 1569, 1335, Astrophysics - Solar and Stellar Astrophysics, Astrophysics - Earth and Planetary Astrophysics, Astrophysics - Astrophysics of Galaxies},
         year = 2024,
        month = feb,
       volume = {961},
       number = {2},
          eid = {188},
        pages = {188},
          doi = {10.3847/1538-4357/ad072d},
archivePrefix = {arXiv},
       eprint = {2401.12810},
 primaryClass = {astro-ph.SR},
       adsurl = {https://ui.adsabs.harvard.edu/abs/2024ApJ...961..188R},
      adsnote = {Provided by the SAO/NASA Astrophysics Data System}
}


@ARTICLE{Robitaille2017,
       author = {{Robitaille}, T.~P.},
        title = "{A modular set of synthetic spectral energy distributions for young stellar objects}",
      journal = {\aap},
     keywords = {astronomical databases: miscellaneous, radiative transfer, stars: formation, stars: protostars, Astrophysics - Solar and Stellar Astrophysics},
         year = 2017,
        month = apr,
       volume = {600},
          eid = {A11},
        pages = {A11},
          doi = {10.1051/0004-6361/201425486},
archivePrefix = {arXiv},
       eprint = {1703.05765},
 primaryClass = {astro-ph.SR},
       adsurl = {https://ui.adsabs.harvard.edu/abs/2017A&A...600A..11R},
      adsnote = {Provided by the SAO/NASA Astrophysics Data System}
}

@ARTICLE{Gramze2023,
       author = {{Gramze}, Savannah R. and {Ginsburg}, Adam and {Meier}, David S. and {Ott}, Juergen and {Shirley}, Yancy and {Sormani}, Mattia C. and {Svoboda}, Brian E.},
        title = "{Evidence of a Cloud-Cloud Collision from Overshooting Gas in the Galactic Center}",
      journal = {\apj},
     keywords = {Interstellar line emission, Interstellar medium, Interstellar clouds, Milky Way Galaxy physics, Galactic bar, Galactic center, Milky Way dynamics, 844, 847, 834, 1056, 2365, 565, 1051, Astrophysics - Astrophysics of Galaxies},
         year = 2023,
        month = dec,
       volume = {959},
       number = {2},
          eid = {93},
        pages = {93},
          doi = {10.3847/1538-4357/ad01be},
archivePrefix = {arXiv},
       eprint = {2309.16403},
 primaryClass = {astro-ph.GA},
       adsurl = {https://ui.adsabs.harvard.edu/abs/2023ApJ...959...93G},
      adsnote = {Provided by the SAO/NASA Astrophysics Data System}
}


@ARTICLE{Longmore2013,
       author = {{Longmore}, S.~N. and {Bally}, J. and {Testi}, L. and {Purcell}, C.~R. and {Walsh}, A.~J. and {Bressert}, E. and {Pestalozzi}, M. and {Molinari}, S. and {Ott}, J. and {Cortese}, L. and {Battersby}, C. and {Murray}, N. and {Lee}, E. and {Kruijssen}, J.~M.~D. and {Schisano}, E. and {Elia}, D.},
        title = "{Variations in the Galactic star formation rate and density thresholds for star formation}",
      journal = {\mnras},
     keywords = {masers, stars: formation, stars: massive, ISM: clouds, ISM: evolution, Galaxy: centre, Astrophysics - Astrophysics of Galaxies, Astrophysics - Cosmology and Nongalactic Astrophysics},
         year = 2013,
        month = feb,
       volume = {429},
       number = {2},
        pages = {987-1000},
          doi = {10.1093/mnras/sts376},
archivePrefix = {arXiv},
       eprint = {1208.4256},
 primaryClass = {astro-ph.GA},
       adsurl = {https://ui.adsabs.harvard.edu/abs/2013MNRAS.429..987L},
      adsnote = {Provided by the SAO/NASA Astrophysics Data System}
}

@ARTICLE{Barnes2017,
       author = {{Barnes}, A.~T. and {Longmore}, S.~N. and {Battersby}, C. and {Bally}, J. and {Kruijssen}, J.~M.~D. and {Henshaw}, J.~D. and {Walker}, D.~L.},
        title = "{Star formation rates and efficiencies in the Galactic Centre}",
      journal = {\mnras},
     keywords = {stars: formation, ISM: clouds, H $\lt$sc$\gt$II$\lt$/sc$\gt$ regions, Galaxy: centre, Astrophysics - Astrophysics of Galaxies},
         year = 2017,
        month = aug,
       volume = {469},
       number = {2},
        pages = {2263-2285},
          doi = {10.1093/mnras/stx941},
archivePrefix = {arXiv},
       eprint = {1704.03572},
 primaryClass = {astro-ph.GA},
       adsurl = {https://ui.adsabs.harvard.edu/abs/2017MNRAS.469.2263B},
      adsnote = {Provided by the SAO/NASA Astrophysics Data System}
}


@ARTICLE{Sormani2019,
       author = {{Sormani}, Mattia C. and {Barnes}, Ashley T.},
        title = "{Mass inflow rate into the Central Molecular Zone: observational determination and evidence of episodic accretion}",
      journal = {\mnras},
     keywords = {ISM: kinematics and dynamics, Galaxy: centre, Galaxy: nucleus, Galaxy: kinematics and dynamics, galaxies: star formation, Astrophysics - Astrophysics of Galaxies},
         year = 2019,
        month = mar,
       volume = {484},
       number = {1},
        pages = {1213-1219},
          doi = {10.1093/mnras/stz046},
archivePrefix = {arXiv},
       eprint = {1901.00867},
 primaryClass = {astro-ph.GA},
       adsurl = {https://ui.adsabs.harvard.edu/abs/2019MNRAS.484.1213S},
      adsnote = {Provided by the SAO/NASA Astrophysics Data System}
}

@ARTICLE{Humphreys2024,
       author = {{Humphreys}, Roberta M. and {Richards}, A.~M.~S. and {Davidson}, Kris and {Singh}, A.~P. and {Decin}, L. and {Ziurys}, L.~M.},
        title = "{The Hidden Clumps in VY CMa Uncovered by the Atacama Large Millimeter/submillimeter Array}",
      journal = {\aj},
     keywords = {Massive stars, Stellar mass loss, Circumstellar matter, Red supergiant stars, 732, 1613, 241, 1375, Astrophysics - Solar and Stellar Astrophysics, Astrophysics - Astrophysics of Galaxies},
         year = 2024,
        month = mar,
       volume = {167},
       number = {3},
          eid = {94},
        pages = {94},
          doi = {10.3847/1538-3881/ad1dd7},
archivePrefix = {arXiv},
       eprint = {2401.14467},
 primaryClass = {astro-ph.SR},
       adsurl = {https://ui.adsabs.harvard.edu/abs/2024AJ....167...94H},
      adsnote = {Provided by the SAO/NASA Astrophysics Data System}
}

@ARTICLE{Quintana-Lacaci2023,
       author = {{Quintana-Lacaci}, G. and {Velilla-Prieto}, L. and {Ag{\'u}ndez}, M. and {Fonfr{\'\i}a}, J.~P. and {Cernicharo}, J. and {Decin}, L. and {Castro-Carrizo}, A.},
        title = "{History of two mass loss processes in VY CMa. Fast outflows carving older ejecta}",
      journal = {\aap},
     keywords = {supergiants, radio lines: stars, stars: mass-loss, stars: individual: VY CMa, circumstellar matter, Astrophysics - Solar and Stellar Astrophysics, Astrophysics - Astrophysics of Galaxies},
         year = 2023,
        month = jan,
       volume = {669},
          eid = {A56},
        pages = {A56},
          doi = {10.1051/0004-6361/202244396},
archivePrefix = {arXiv},
       eprint = {2210.16135},
 primaryClass = {astro-ph.SR},
       adsurl = {https://ui.adsabs.harvard.edu/abs/2023A&A...669A..56Q},
      adsnote = {Provided by the SAO/NASA Astrophysics Data System}
}

@ARTICLE{Singh2021,
       author = {{Singh}, A.~P. and {Edwards}, J.~L. and {Humphreys}, R.~M. and {Ziurys}, L.~M.},
        title = "{Molecules and Outflows in NML Cygni: New Insights from a 1 mm Spectral Line Survey}",
      journal = {\apjl},
     keywords = {Circumstellar envelopes, Hypergiant stars, Millimeter astronomy, Astrochemistry, Molecular spectroscopy, Stellar evolution, Stellar mass loss, Stellar winds, 237, 774, 1061, 75, 2095, 1599, 1613, 1636},
         year = 2021,
        month = oct,
       volume = {920},
       number = {2},
          eid = {L38},
        pages = {L38},
          doi = {10.3847/2041-8213/ac2c7c},
       adsurl = {https://ui.adsabs.harvard.edu/abs/2021ApJ...920L..38S},
      adsnote = {Provided by the SAO/NASA Astrophysics Data System}
}

@ARTICLE{Montarges2021,
       author = {{Montarg{\`e}s}, M. and {Cannon}, E. and {Lagadec}, E. and {de Koter}, A. and {Kervella}, P. and {Sanchez-Bermudez}, J. and {Paladini}, C. and {Cantalloube}, F. and {Decin}, L. and {Scicluna}, P. and {Kravchenko}, K. and {Dupree}, A.~K. and {Ridgway}, S. and {Wittkowski}, M. and {Anugu}, N. and {Norris}, R. and {Rau}, G. and {Perrin}, G. and {Chiavassa}, A. and {Kraus}, S. and {Monnier}, J.~D. and {Millour}, F. and {Le Bouquin}, J. -B. and {Haubois}, X. and {Lopez}, B. and {Stee}, P. and {Danchi}, W.},
        title = "{A dusty veil shading Betelgeuse during its Great Dimming}",
      journal = {\nat},
     keywords = {Astrophysics - Solar and Stellar Astrophysics},
         year = 2021,
        month = jun,
       volume = {594},
       number = {7863},
        pages = {365-368},
          doi = {10.1038/s41586-021-03546-8},
archivePrefix = {arXiv},
       eprint = {2201.10551},
 primaryClass = {astro-ph.SR},
       adsurl = {https://ui.adsabs.harvard.edu/abs/2021Natur.594..365M},
      adsnote = {Provided by the SAO/NASA Astrophysics Data System}
}


@ARTICLE{Monnier1999,
       author = {{Monnier}, J.~D. and {Tuthill}, P.~G. and {Lopez}, B. and {Cruzalebes}, P. and {Danchi}, W.~C. and {Haniff}, C.~A.},
        title = "{The Last Gasps of VY Canis Majoris: Aperture Synthesis and Adaptive Optics Imagery}",
      journal = {\apj},
     keywords = {STARS: CIRCUMSTELLAR MATTER, ISM: DUST, EXTINCTION, STARS: INDIVIDUAL: CONSTELLATION NAME: VY CANIS MAJORIS, INFRARED: STARS, TECHNIQUES: INTERFEROMETRIC, Stars: Circumstellar Matter, ISM: Dust, Extinction, Stars: Individual: Constellation Name: VY Canis Majoris, infrared: stars, techniques: interferometric, Astrophysics},
         year = 1999,
        month = feb,
       volume = {512},
       number = {1},
        pages = {351-361},
          doi = {10.1086/306761},
archivePrefix = {arXiv},
       eprint = {astro-ph/9810024},
 primaryClass = {astro-ph},
       adsurl = {https://ui.adsabs.harvard.edu/abs/1999ApJ...512..351M},
      adsnote = {Provided by the SAO/NASA Astrophysics Data System}
}


@ARTICLE{Richards2014,
       author = {{Richards}, A.~M.~S. and {Impellizzeri}, C.~M.~V. and {Humphreys}, E.~M. and {Vlahakis}, C. and {Vlemmings}, W. and {Baudry}, A. and {De Beck}, E. and {Decin}, L. and {Etoka}, S. and {Gray}, M.~D. and {Harper}, G.~M. and {Hunter}, T.~R. and {Kervella}, P. and {Kerschbaum}, F. and {McDonald}, I. and {Melnick}, G. and {Muller}, S. and {Neufeld}, D. and {O'Gorman}, E. and {Parfenov}, S. Yu. and {Peck}, A.~B. and {Shinnaga}, H. and {Sobolev}, A.~M. and {Testi}, L. and {Uscanga}, L. and {Wootten}, A. and {Yates}, J.~A. and {Zijlstra}, A.},
        title = "{ALMA sub-mm maser and dust distribution of VY Canis Majoris}",
      journal = {\aap},
     keywords = {stars: individual: VY CMa, supergiants, stars: mass-loss, masers, Astrophysics - Solar and Stellar Astrophysics},
         year = 2014,
        month = dec,
       volume = {572},
          eid = {L9},
        pages = {L9},
          doi = {10.1051/0004-6361/201425024},
archivePrefix = {arXiv},
       eprint = {1409.5497},
 primaryClass = {astro-ph.SR},
       adsurl = {https://ui.adsabs.harvard.edu/abs/2014A&A...572L...9R},
      adsnote = {Provided by the SAO/NASA Astrophysics Data System}
}


@ARTICLE{O'Gorman2015,
       author = {{O'Gorman}, E. and {Vlemmings}, W. and {Richards}, A.~M.~S. and {Baudry}, A. and {De Beck}, E. and {Decin}, L. and {Harper}, G.~M. and {Humphreys}, E.~M. and {Kervella}, P. and {Khouri}, T. and {Muller}, S.},
        title = "{ALMA observations of anisotropic dust mass loss in the inner circumstellar environment of the red supergiant VY Canis Majoris}",
      journal = {\aap},
     keywords = {supergiants, stars: winds, outflows, circumstellar matter, stars: individual: VY CMa, stars: evolution, stars: late-type, Astrophysics - Solar and Stellar Astrophysics},
         year = 2015,
        month = jan,
       volume = {573},
          eid = {L1},
        pages = {L1},
          doi = {10.1051/0004-6361/201425101},
archivePrefix = {arXiv},
       eprint = {1410.1622},
 primaryClass = {astro-ph.SR},
       adsurl = {https://ui.adsabs.harvard.edu/abs/2015A&A...573L...1O},
      adsnote = {Provided by the SAO/NASA Astrophysics Data System}
}


@ARTICLE{Matsuura2014,
       author = {{Matsuura}, Mikako and {Yates}, J.~A. and {Barlow}, M.~J. and {Swinyard}, B.~M. and {Royer}, P. and {Cernicharo}, J. and {Decin}, L. and {Wesson}, R. and {Polehampton}, E.~T. and {Blommaert}, J.~A.~D.~L. and {Groenewegen}, M.~A.~T. and {Van de Steene}, G.~C. and {van Hoof}, P.~A.~M.},
        title = "{Herschel SPIRE and PACS observations of the red supergiant VY CMa: analysis of the molecular line spectra}",
      journal = {\mnras},
     keywords = {radiative transfer, stars: individual: VY CMa, stars: mass-loss, ISM: molecules, infrared: stars, submillimetre: stars, Astrophysics - Astrophysics of Galaxies, Astrophysics - Solar and Stellar Astrophysics},
         year = 2014,
        month = jan,
       volume = {437},
       number = {1},
        pages = {532-546},
          doi = {10.1093/mnras/stt1906},
archivePrefix = {arXiv},
       eprint = {1310.2947},
 primaryClass = {astro-ph.GA},
       adsurl = {https://ui.adsabs.harvard.edu/abs/2014MNRAS.437..532M},
      adsnote = {Provided by the SAO/NASA Astrophysics Data System}
}


@PROCEEDINGS{1988iras....7.....H,
        title = "{Infrared Astronomical Satellite (IRAS) Catalogs and Atlases.Volume 7: The Small Scale Structure Catalog.}",
     keywords = {All Sky Photography, Catalogs, Cosmology, Infrared Astronomy Satellite, Stars, Galaxies, Interstellar Matter, Point Sources, Star Formation, Astrophysics, ALL SKY PHOTOGRAPHY, CATALOGS, COSMOLOGY, INFRARED ASTRONOMY SATELLITE, STARS, GALAXIES, INTERSTELLAR MATTER, POINT SOURCES, STAR FORMATION},
    booktitle = {Infrared astronomical satellite (IRAS) catalogs and atlases. Volume 7},
         year = 1988,
       volume = {7},
        month = jan,
       adsurl = {https://ui.adsabs.harvard.edu/abs/1988iras....7.....H},
      adsnote = {Provided by the SAO/NASA Astrophysics Data System},
       editor = {{Helou}, George and {Walker}, D. W.}
}



@ARTICLE{Kaminski2013,
       author = {{Kami{\'n}ski}, T. and {Gottlieb}, C.~A. and {Young}, K.~H. and {Menten}, K.~M. and {Patel}, N.~A.},
        title = "{An Interferometric Spectral Line and Imaging Survey of VY Canis Majoris in the 345 GHz Band}",
      journal = {\apjs},
     keywords = {astrochemistry, circumstellar matter, line: identification, stars: individual: VY CMa, supergiants, surveys, Astrophysics - Solar and Stellar Astrophysics, Astrophysics - Astrophysics of Galaxies},
         year = 2013,
        month = dec,
       volume = {209},
       number = {2},
          eid = {38},
        pages = {38},
          doi = {10.1088/0067-0049/209/2/38},
archivePrefix = {arXiv},
       eprint = {1309.7360},
 primaryClass = {astro-ph.SR},
       adsurl = {https://ui.adsabs.harvard.edu/abs/2013ApJS..209...38K},
      adsnote = {Provided by the SAO/NASA Astrophysics Data System}
}


@ARTICLE{Bordiu2022,
       author = {{Bordiu}, C. and {Rizzo}, J.~R. and {Bufano}, F. and {Quintana-Lacaci}, G. and {Buemi}, C. and {Leto}, P. and {Cavallaro}, F. and {Cerrigone}, L. and {Ingallinera}, A. and {Loru}, S. and {Riggi}, S. and {Trigilio}, C. and {Umana}, G. and {Sciacca}, E.},
        title = "{First Detection of Silicon-bearing Molecules in {\ensuremath{\eta}} Car}",
      journal = {\apjl},
     keywords = {Massive stars, Luminous blue variable stars, Stellar mass loss, Molecular gas, Dust destruction, Astrochemistry, Circumstellar matter, 732, 944, 1613, 1073, 2268, 75, 241, Astrophysics - Astrophysics of Galaxies, Astrophysics - Solar and Stellar Astrophysics},
         year = 2022,
        month = nov,
       volume = {939},
       number = {2},
          eid = {L30},
        pages = {L30},
          doi = {10.3847/2041-8213/ac9b10},
archivePrefix = {arXiv},
       eprint = {2210.09774},
 primaryClass = {astro-ph.GA},
       adsurl = {https://ui.adsabs.harvard.edu/abs/2022ApJ...939L..30B},
      adsnote = {Provided by the SAO/NASA Astrophysics Data System}
}

@ARTICLE{Smith2018,
       author = {{Smith}, Nathan and {Ginsburg}, Adam and {Bally}, John},
        title = "{A disrupted molecular torus around Eta Carinae as seen in $^{12}$CO with ALMA}",
      journal = {\mnras},
     keywords = {circumstellar matter, stars: evolution, stars: winds, outflows, Astrophysics - Solar and Stellar Astrophysics},
         year = 2018,
        month = mar,
       volume = {474},
       number = {4},
        pages = {4988-4996},
          doi = {10.1093/mnras/stx3050},
archivePrefix = {arXiv},
       eprint = {1712.01362},
 primaryClass = {astro-ph.SR},
       adsurl = {https://ui.adsabs.harvard.edu/abs/2018MNRAS.474.4988S},
      adsnote = {Provided by the SAO/NASA Astrophysics Data System}
}


@ARTICLE{Morris2020,
       author = {{Morris}, Patrick W. and {Charnley}, Steven B. and {Corcoran}, Michael and {Cordiner}, Martin and {Damineli}, Augusto and {Groh}, Jose H. and {Gull}, Theodore R. and {Loinard}, Laurent and {Madura}, Thomas and {Mehner}, Andrea and {Moffat}, Anthony and {Palmer}, Maureen Y. and {Rau}, Gioia and {Richardson}, Noel D. and {Weigelt}, Gerd},
        title = "{CO, Water, and Tentative Methanol in {\ensuremath{\eta}} Carinae Approaching Periastron}",
      journal = {\apjl},
     keywords = {Circumstellar matter, Molecule formation, Astrochemistry, Reaction catalysts, Massive stars, Luminous blue variable stars, 241, 2076, 75, 2080, 732, 944, Astrophysics - Solar and Stellar Astrophysics, Astrophysics - Astrophysics of Galaxies},
         year = 2020,
        month = apr,
       volume = {892},
       number = {2},
          eid = {L23},
        pages = {L23},
          doi = {10.3847/2041-8213/ab784a},
archivePrefix = {arXiv},
       eprint = {2002.11053},
 primaryClass = {astro-ph.SR},
       adsurl = {https://ui.adsabs.harvard.edu/abs/2020ApJ...892L..23M},
      adsnote = {Provided by the SAO/NASA Astrophysics Data System}
}


@ARTICLE{Kaminski2015,
       author = {{Kami{\'n}ski}, Tomasz and {Menten}, Karl M. and {Tylenda}, Romuald and {Hajduk}, Marcin and {Patel}, Nimesh A. and {Kraus}, Alexander},
        title = "{Nuclear ashes and outflow in the eruptive star Nova Vul 1670}",
      journal = {\nat},
     keywords = {Astrophysics - Solar and Stellar Astrophysics},
         year = 2015,
        month = apr,
       volume = {520},
       number = {7547},
        pages = {322-324},
          doi = {10.1038/nature14257},
archivePrefix = {arXiv},
       eprint = {1503.06570},
 primaryClass = {astro-ph.SR},
       adsurl = {https://ui.adsabs.harvard.edu/abs/2015Natur.520..322K},
      adsnote = {Provided by the SAO/NASA Astrophysics Data System}
}


@ARTICLE{Kaminski2021_CKII,
       author = {{Kami{\'n}ski}, T. and {Steffen}, W. and {Bujarrabal}, V. and {Tylenda}, R. and {Menten}, K.~M. and {Hajduk}, M.},
        title = "{Molecular remnant of Nova 1670 (CK Vulpeculae). II. A three-dimensional view of the gas distribution and velocity field}",
      journal = {\aap},
     keywords = {stars: AGB and post-AGB, stars: individual: CK Vul, stars: jets, stars: mass-loss, stars: winds, outflows, submillimeter: stars, Astrophysics - Solar and Stellar Astrophysics, Astrophysics - Astrophysics of Galaxies},
         year = 2021,
        month = feb,
       volume = {646},
          eid = {A1},
        pages = {A1},
          doi = {10.1051/0004-6361/202039634},
archivePrefix = {arXiv},
       eprint = {2010.05832},
 primaryClass = {astro-ph.SR},
       adsurl = {https://ui.adsabs.harvard.edu/abs/2021A&A...646A...1K},
      adsnote = {Provided by the SAO/NASA Astrophysics Data System}
}

@ARTICLE{Banerjee2020,
       author = {{Banerjee}, D.~P.~K. and {Geballe}, T.~R. and {Evans}, A. and {Shahbandeh}, M. and {Woodward}, C.~E. and {Gehrz}, R.~D. and {Eyres}, S.~P.~S. and {Starrfield}, S. and {Zijlstra}, A.},
        title = "{Near-infrared Spectroscopy of CK Vulpeculae: Revealing a Remarkably Powerful Blast from the Past}",
      journal = {\apjl},
     keywords = {Stellar phenomena, Stellar winds, Stellar mass loss, Stellar luminosities, Infrared sources, 1619, 1636, 1613, 1609, 793, Astrophysics - Solar and Stellar Astrophysics},
         year = 2020,
        month = dec,
       volume = {904},
       number = {2},
          eid = {L23},
        pages = {L23},
          doi = {10.3847/2041-8213/abc885},
archivePrefix = {arXiv},
       eprint = {2011.02939},
 primaryClass = {astro-ph.SR},
       adsurl = {https://ui.adsabs.harvard.edu/abs/2020ApJ...904L..23B},
      adsnote = {Provided by the SAO/NASA Astrophysics Data System}
}


@ARTICLE{Chawner2019,
       author = {{Chawner}, H. and {Marsh}, K. and {Matsuura}, M. and {Gomez}, H.~L. and {Cigan}, P. and {De Looze}, I. and {Barlow}, M.~J. and {Dunne}, L. and {Noriega-Crespo}, A. and {Rho}, J.},
        title = "{A catalogue of Galactic supernova remnants in the far-infrared: revealing ejecta dust in pulsar wind nebulae}",
      journal = {\mnras},
     keywords = {stars, ISM: supernova remnants, infrared: ISM, submillimetre: ISM, Astrophysics - Astrophysics of Galaxies},
         year = 2019,
        month = feb,
       volume = {483},
       number = {1},
        pages = {70-118},
          doi = {10.1093/mnras/sty2942},
archivePrefix = {arXiv},
       eprint = {1811.00034},
 primaryClass = {astro-ph.GA},
       adsurl = {https://ui.adsabs.harvard.edu/abs/2019MNRAS.483...70C},
      adsnote = {Provided by the SAO/NASA Astrophysics Data System}
}


@ARTICLE{Kaminski2023,
       author = {{Kami{\'n}ski}, Tomek and {Schmidt}, Mirek and {Hajduk}, Marcin and {Kiljan}, Aleksandra and {Izviekova}, Inna and {Frankowski}, Adam},
        title = "{Lithium in red novae and their remnants}",
      journal = {\aap},
     keywords = {stars: abundances, circumstellar matter, stars: mass-loss, stars: individual: V838 Mon, stars: individual: CK Vul, stars: individual: V1309 Sco},
         year = 2023,
        month = apr,
       volume = {672},
          eid = {A196},
        pages = {A196},
          doi = {10.1051/0004-6361/202244497},
       adsurl = {https://ui.adsabs.harvard.edu/abs/2023A&A...672A.196K},
      adsnote = {Provided by the SAO/NASA Astrophysics Data System}
}

@ARTICLE{Metzger2021,
       author = {{Metzger}, Brian D. and {Zenati}, Yossef and {Chomiuk}, Laura and {Shen}, Ken J. and {Strader}, Jay},
        title = "{Transients from the Cataclysmic Deaths of Cataclysmic Variables}",
      journal = {\apj},
     keywords = {203, 2157, 251, 1579, 155, Astrophysics - Solar and Stellar Astrophysics, Astrophysics - High Energy Astrophysical Phenomena},
         year = 2021,
        month = dec,
       volume = {923},
       number = {1},
          eid = {100},
        pages = {100},
          doi = {10.3847/1538-4357/ac2a39},
archivePrefix = {arXiv},
       eprint = {2108.04305},
 primaryClass = {astro-ph.SR},
       adsurl = {https://ui.adsabs.harvard.edu/abs/2021ApJ...923..100M},
      adsnote = {Provided by the SAO/NASA Astrophysics Data System}
}



@ARTICLE{Kaminski2020_CKI,
       author = {{Kami{\'n}ski}, Tomek and {Menten}, Karl M. and {Tylenda}, Romuald and {Wong}, Ka Tat and {Belloche}, Arnaud and {Mehner}, Andrea and {Schmidt}, Mirek R. and {Patel}, Nimesh A.},
        title = "{Molecular remnant of Nova 1670 (CK Vulpeculae). I. Properties and enigmatic origin of the gas}",
      journal = {\aap},
     keywords = {astrochemistry, shock waves, stars: individual: CK Vul, techniques: interferometric, circumstellar matter, Astrophysics - Solar and Stellar Astrophysics, Astrophysics - Astrophysics of Galaxies},
         year = 2020,
        month = dec,
       volume = {644},
          eid = {A59},
        pages = {A59},
          doi = {10.1051/0004-6361/202038648},
archivePrefix = {arXiv},
       eprint = {2006.10471},
 primaryClass = {astro-ph.SR},
       adsurl = {https://ui.adsabs.harvard.edu/abs/2020A&A...644A..59K},
      adsnote = {Provided by the SAO/NASA Astrophysics Data System}
}

@ARTICLE{Tylenda2019,
       author = {{Tylenda}, R. and {Kami{\'n}ski}, T. and {Mehner}, A.},
        title = "{Elemental abundances in the remnant of the ancient eruption of CK Vulpeculae}",
      journal = {\aap},
     keywords = {stars: abundances, circumstellar matter, stars: peculiar, stars: winds, outflows, stars: individual: CK Vul, Astrophysics - Solar and Stellar Astrophysics, Astrophysics - Astrophysics of Galaxies},
         year = 2019,
        month = aug,
       volume = {628},
          eid = {A124},
        pages = {A124},
          doi = {10.1051/0004-6361/201834731},
archivePrefix = {arXiv},
       eprint = {1907.05998},
 primaryClass = {astro-ph.SR},
       adsurl = {https://ui.adsabs.harvard.edu/abs/2019A&A...628A.124T},
      adsnote = {Provided by the SAO/NASA Astrophysics Data System}
}

@ARTICLE{Eyres2018,
       author = {{Eyres}, S.~P.~S. and {Evans}, A. and {Zijlstra}, A. and {Avison}, A. and {Gehrz}, R.~D. and {Hajduk}, M. and {Starrfield}, S. and {Mohamed}, S. and {Woodward}, C.~E. and {Wagner}, R.~M.},
        title = "{ALMA reveals the aftermath of a white dwarf-brown dwarf merger in CK Vulpeculae}",
      journal = {\mnras},
     keywords = {circumstellar matter, stars: individual, CK Vul, stars: jets, stars: peculiar, stars: winds, outflows, Submillimetre: stars, Astrophysics - Solar and Stellar Astrophysics},
         year = 2018,
        month = dec,
       volume = {481},
       number = {4},
        pages = {4931-4939},
          doi = {10.1093/mnras/sty2554},
archivePrefix = {arXiv},
       eprint = {1809.05849},
 primaryClass = {astro-ph.SR},
       adsurl = {https://ui.adsabs.harvard.edu/abs/2018MNRAS.481.4931E},
      adsnote = {Provided by the SAO/NASA Astrophysics Data System}
}


@ARTICLE{Kaminski2017,
       author = {{Kami{\'n}ski}, T. and {Menten}, K.~M. and {Tylenda}, R. and {Karakas}, A. and {Belloche}, A. and {Patel}, N.~A.},
        title = "{Organic molecules, ions, and rare isotopologues in the remnant of the stellar-merger candidate, CK Vulpeculae (Nova 1670)}",
      journal = {\aap},
     keywords = {atlases, stars: low-mass, stars: peculiar, submillimeter: stars, stars: individual: CK Vul, circumstellar matter, Astrophysics - Solar and Stellar Astrophysics},
         year = 2017,
        month = nov,
       volume = {607},
          eid = {A78},
        pages = {A78},
          doi = {10.1051/0004-6361/201731287},
archivePrefix = {arXiv},
       eprint = {1708.02261},
 primaryClass = {astro-ph.SR},
       adsurl = {https://ui.adsabs.harvard.edu/abs/2017A&A...607A..78K},
      adsnote = {Provided by the SAO/NASA Astrophysics Data System}
}

@ARTICLE{Evans2016,
       author = {{Evans}, A. and {Gehrz}, R.~D. and {Woodward}, C.~E. and {Sarre}, P.~J. and {van Loon}, J.~T. and {Helton}, L.~A. and {Starrfield}, S. and {Eyres}, S.~P.~S.},
        title = "{CK Vul: a smorgasbord of hydrocarbons rules out a 1670 nova (and much else besides)}",
      journal = {\mnras},
     keywords = {circumstellar matter, stars: individual: CK Vul, ISM: molecules, infrared: stars, Astrophysics - Solar and Stellar Astrophysics},
         year = 2016,
        month = apr,
       volume = {457},
       number = {3},
        pages = {2871-2876},
          doi = {10.1093/mnras/stw352},
archivePrefix = {arXiv},
       eprint = {1512.02146},
 primaryClass = {astro-ph.SR},
       adsurl = {https://ui.adsabs.harvard.edu/abs/2016MNRAS.457.2871E},
      adsnote = {Provided by the SAO/NASA Astrophysics Data System}
}


@ARTICLE{Ramirez2008,
       author = {{Ram{\'\i}rez}, Solange V. and {Arendt}, Richard G. and {Sellgren}, Kris and {Stolovy}, Susan R. and {Cotera}, Angela and {Smith}, Howard A. and {Yusef-Zadeh}, Farhad},
        title = "{Point Sources from a Spitzer IRAC Survey of the Galactic Center}",
      journal = {\apjs},
     keywords = {Galaxy: center, stars: late-type, Astrophysics},
         year = 2008,
        month = mar,
       volume = {175},
       number = {1},
        pages = {147-164},
          doi = {10.1086/524015},
archivePrefix = {arXiv},
       eprint = {0709.3113},
 primaryClass = {astro-ph},
       adsurl = {https://ui.adsabs.harvard.edu/abs/2008ApJS..175..147R},
      adsnote = {Provided by the SAO/NASA Astrophysics Data System}
}


@ARTICLE{Kaminski2020,
       author = {{Kami{\'n}ski}, Tomek and {Menten}, Karl M. and {Tylenda}, Romuald and {Wong}, Ka Tat and {Belloche}, Arnaud and {Mehner}, Andrea and {Schmidt}, Mirek R. and {Patel}, Nimesh A.},
        title = "{Molecular remnant of Nova 1670 (CK Vulpeculae). I. Properties and enigmatic origin of the gas}",
      journal = {\aap},
     keywords = {astrochemistry, shock waves, stars: individual: CK Vul, techniques: interferometric, circumstellar matter, Astrophysics - Solar and Stellar Astrophysics, Astrophysics - Astrophysics of Galaxies},
         year = 2020,
        month = dec,
       volume = {644},
          eid = {A59},
        pages = {A59},
          doi = {10.1051/0004-6361/202038648},
archivePrefix = {arXiv},
       eprint = {2006.10471},
 primaryClass = {astro-ph.SR},
       adsurl = {https://ui.adsabs.harvard.edu/abs/2020A&A...644A..59K},
      adsnote = {Provided by the SAO/NASA Astrophysics Data System}
}


@ARTICLE{Whitmore2016,
       author = {{Whitmore}, Bradley C. and {Allam}, Sahar S. and {Budav{\'a}ri}, Tam{\'a}s and {Casertano}, Stefano and {Downes}, Ronald A. and {Donaldson}, Thomas and {Fall}, S. Michael and {Lubow}, Stephen H. and {Quick}, Lee and {Strolger}, Louis-Gregory and {Wallace}, Geoff and {White}, Richard L.},
        title = "{Version 1 of the Hubble Source Catalog}",
      journal = {\aj},
     keywords = {astrometry, catalogs, techniques: photometric, virtual observatory tools, Astrophysics - Instrumentation and Methods for Astrophysics},
         year = 2016,
        month = jun,
       volume = {151},
       number = {6},
          eid = {134},
        pages = {134},
          doi = {10.3847/0004-6256/151/6/134},
archivePrefix = {arXiv},
       eprint = {1602.04861},
 primaryClass = {astro-ph.IM},
       adsurl = {https://ui.adsabs.harvard.edu/abs/2016AJ....151..134W},
      adsnote = {Provided by the SAO/NASA Astrophysics Data System}
}


@ARTICLE{Levesque2020,
       author = {{Levesque}, Emily M. and {Massey}, Philip},
        title = "{Betelgeuse Just Is Not That Cool: Effective Temperature Alone Cannot Explain the Recent Dimming of Betelgeuse}",
      journal = {\apjl},
     keywords = {M supergiant stars, Stellar atmospheres, Circumstellar dust, 988, 1584, 236, Astrophysics - Solar and Stellar Astrophysics, Astrophysics - Astrophysics of Galaxies},
         year = 2020,
        month = mar,
       volume = {891},
       number = {2},
          eid = {L37},
        pages = {L37},
          doi = {10.3847/2041-8213/ab7935},
archivePrefix = {arXiv},
       eprint = {2002.10463},
 primaryClass = {astro-ph.SR},
       adsurl = {https://ui.adsabs.harvard.edu/abs/2020ApJ...891L..37L},
      adsnote = {Provided by the SAO/NASA Astrophysics Data System}
}

@ARTICLE{Kochanek2024,
       author = {{Kochanek}, Christopher S. and {Neustadt}, Jack M.~M. and {Stanek}, Krzysztof Z.},
        title = "{The Search for Failed Supernovae with the Large Binocular Telescope: The Mid-infrared Counterpart to N6946-BH1}",
      journal = {\apj},
     keywords = {Black hole physics, Massive stars, 159, 732, Astrophysics - High Energy Astrophysical Phenomena},
         year = 2024,
        month = feb,
       volume = {962},
       number = {2},
          eid = {145},
        pages = {145},
          doi = {10.3847/1538-4357/ad18d7},
archivePrefix = {arXiv},
       eprint = {2310.01514},
 primaryClass = {astro-ph.HE},
       adsurl = {https://ui.adsabs.harvard.edu/abs/2024ApJ...962..145K},
      adsnote = {Provided by the SAO/NASA Astrophysics Data System}
}


@ARTICLE{Beasor2023,
       author = {{Beasor}, Emma R. and {Hosseinzadeh}, Griffin and {Smith}, Nathan and {Davies}, Ben and {Jencson}, Jacob E. and {Pearson}, Jeniveve and {Sand}, David J.},
        title = "{JWST reveals a luminous infrared source at the position of the failed supernova candidate N6946-BH1}",
      journal = {arXiv e-prints},
     keywords = {Astrophysics - Solar and Stellar Astrophysics, Astrophysics - High Energy Astrophysical Phenomena},
         year = 2023,
        month = sep,
          eid = {arXiv:2309.16121},
        pages = {arXiv:2309.16121},
          doi = {10.48550/arXiv.2309.16121},
archivePrefix = {arXiv},
       eprint = {2309.16121},
 primaryClass = {astro-ph.SR},
       adsurl = {https://ui.adsabs.harvard.edu/abs/2023arXiv230916121B},
      adsnote = {Provided by the SAO/NASA Astrophysics Data System}
}

@ARTICLE{Adams2017,
       author = {{Adams}, S.~M. and {Kochanek}, C.~S. and {Gerke}, J.~R. and {Stanek}, K.~Z. and {Dai}, X.},
        title = "{The search for failed supernovae with the Large Binocular Telescope: confirmation of a disappearing star}",
      journal = {\mnras},
     keywords = {black hole physics, stars: massive, supernovae: individual: N6946-BH1, Astrophysics - Solar and Stellar Astrophysics, Astrophysics - Astrophysics of Galaxies, Astrophysics - High Energy Astrophysical Phenomena},
         year = 2017,
        month = jul,
       volume = {468},
       number = {4},
        pages = {4968-4981},
          doi = {10.1093/mnras/stx816},
archivePrefix = {arXiv},
       eprint = {1609.01283},
 primaryClass = {astro-ph.SR},
       adsurl = {https://ui.adsabs.harvard.edu/abs/2017MNRAS.468.4968A},
      adsnote = {Provided by the SAO/NASA Astrophysics Data System}
}


% this paper!
@ARTICLE{Ginsburg2024,
       author = {{Ginsburg}, Adam and {Bally}, John and {Barnes}, Ashley T. and {Battersby}, Cara and {Budaiev}, Nazar and {Butterfield}, Natalie O. and {Caselli}, Paola and {Colzi}, Laura and {Dutkowska}, Katarzyna M. and {Garc{\'\i}a}, Pablo and {Gramze}, Savannah and {Henshaw}, Jonathan D. and {Hu}, Yue and {Jeff}, Desmond and {Jim{\'e}nez-Serra}, Izaskun and {Kauffmann}, Jens and {Klessen}, Ralf S. and {Levesque}, Emily M. and {Longmore}, Steven N. and {Lu}, Xing and {Mills}, Elisabeth A.~C. and {Morris}, Mark R. and {Nogueras-Lara}, Francisco and {Oka}, Tomoharu and {Pineda}, Jaime E. and {Pillai}, Thushara G.~S. and {Rivilla}, V{\'\i}ctor M. and {S{\'a}nchez-Monge}, {\'A}lvaro and {Santa-Maria}, Miriam G. and {Smith}, Howard A. and {Sofue}, Yoshiaki and {Sormani}, Mattia C. and {Tremblay}, Grant R. and {Vermari{\"e}n}, Gijs and {Vikhlinin}, Alexey and {Viti}, Serena and {Walker}, Dan and {Wang}, Q. Daniel and {Xu}, Fengwei and {Zhang}, Qizhou},
        title = "{A broad linewidth, compact, millimeter-bright molecular emission line source near the Galactic Center}",
      journal = {arXiv e-prints},
     keywords = {Astrophysics - Astrophysics of Galaxies},
         year = 2024,
        month = apr,
          eid = {arXiv:2404.07808},
        pages = {arXiv:2404.07808},
          doi = {10.48550/arXiv.2404.07808},
archivePrefix = {arXiv},
       eprint = {2404.07808},
 primaryClass = {astro-ph.GA},
       adsurl = {https://ui.adsabs.harvard.edu/abs/2024arXiv240407808G},
      adsnote = {Provided by the SAO/NASA Astrophysics Data System}
}


@ARTICLE{Tsuboi2009,
       author = {{Tsuboi}, Masato and {Miyazaki}, Atsushi and {Okumura}, Sachiko K.},
        title = "{A Galactic Center 50-km s$^{-1}$ Molecular Cloud with an Expanding Shell}",
      journal = {\pasj},
     keywords = {Galaxy, molecular cloud, supernova remnant},
         year = 2009,
        month = feb,
       volume = {61},
        pages = {29},
          doi = {10.1093/pasj/61.1.29},
       adsurl = {https://ui.adsabs.harvard.edu/abs/2009PASJ...61...29T},
      adsnote = {Provided by the SAO/NASA Astrophysics Data System}
}


@ARTICLE{vanderTak2007,
       author = {{van der Tak}, F.~F.~S. and {Black}, J.~H. and {Sch{\"o}ier}, F.~L. and {Jansen}, D.~J. and {van Dishoeck}, E.~F.},
        title = "{A computer program for fast non-LTE analysis of interstellar line spectra. With diagnostic plots to interpret observed line intensity ratios}",
      journal = {\aap},
     keywords = {radiative transfer, methods: numerical, radio lines: ISM, infrared: ISM, submillimeter, Astrophysics},
         year = 2007,
        month = jun,
       volume = {468},
       number = {2},
        pages = {627-635},
          doi = {10.1051/0004-6361:20066820},
archivePrefix = {arXiv},
       eprint = {0704.0155},
 primaryClass = {astro-ph},
       adsurl = {https://ui.adsabs.harvard.edu/abs/2007A&A...468..627V},
      adsnote = {Provided by the SAO/NASA Astrophysics Data System}
}


@ARTICLE{Ginsburg2020,
       author = {{Ginsburg}, Adam and {Anderson}, L.~D. and {Dicker}, Simon and {Romero}, Charles and {Svoboda}, Brian and {Devlin}, Mark and {Galv{\'a}n-Madrid}, Roberto and {Indebetouw}, Remy and {Liu}, Hauyu Baobab and {Mason}, Brian and {Mroczkowski}, Tony and {Armentrout}, W.~P. and {Bally}, John and {Brogan}, Crystal and {Butterfield}, Natalie and {Hunter}, Todd R. and {Reese}, Erik D. and {Rosolowsky}, Erik and {Sarazin}, Craig and {Shirley}, Yancy and {Sievers}, Jonathan and {Stanchfield}, Sara},
        title = "{The MUSTANG Galactic Plane Survey (MGPS90) Pilot}",
      journal = {\apjs},
     keywords = {Surveys, Star formation, Star-forming regions, H II regions, Dust continuum emission, Interstellar dust, 1671, 1569, 1565, 694, 412, 836, Astrophysics - Astrophysics of Galaxies},
         year = 2020,
        month = jun,
       volume = {248},
       number = {2},
          eid = {24},
        pages = {24},
          doi = {10.3847/1538-4365/ab8b5c},
archivePrefix = {arXiv},
       eprint = {2004.09555},
 primaryClass = {astro-ph.GA},
       adsurl = {https://ui.adsabs.harvard.edu/abs/2020ApJS..248...24G},
      adsnote = {Provided by the SAO/NASA Astrophysics Data System}
}


@ARTICLE{Verheyen2012,
       author = {{Verheyen}, L. and {Messineo}, M. and {Menten}, K.~M.},
        title = "{SiO maser emission from red supergiants across the Galaxy . I. Targets in massive star clusters}",
      journal = {\aap},
     keywords = {stars: AGB and post-AGB, circumstellar matter, masers, Astrophysics - Astrophysics of Galaxies, Astrophysics - Solar and Stellar Astrophysics},
         year = 2012,
        month = may,
       volume = {541},
          eid = {A36},
        pages = {A36},
          doi = {10.1051/0004-6361/201118265},
archivePrefix = {arXiv},
       eprint = {1203.4727},
 primaryClass = {astro-ph.GA},
       adsurl = {https://ui.adsabs.harvard.edu/abs/2012A&A...541A..36V},
      adsnote = {Provided by the SAO/NASA Astrophysics Data System}
}


@ARTICLE{Krumholz2015,
       author = {{Krumholz}, Mark R.},
        title = "{Notes on Star Formation}",
      journal = {arXiv e-prints},
     keywords = {Astrophysics - Astrophysics of Galaxies, Astrophysics - Solar and Stellar Astrophysics},
         year = 2015,
        month = nov,
          eid = {arXiv:1511.03457},
        pages = {arXiv:1511.03457},
          doi = {10.48550/arXiv.1511.03457},
archivePrefix = {arXiv},
       eprint = {1511.03457},
 primaryClass = {astro-ph.GA},
       adsurl = {https://ui.adsabs.harvard.edu/abs/2015arXiv151103457K},
      adsnote = {Provided by the SAO/NASA Astrophysics Data System}
}


@ARTICLE{Ochsenbein2000,
       author = {{Ochsenbein}, F. and {Bauer}, P. and {Marcout}, J.},
        title = "{The VizieR database of astronomical catalogues}",
      journal = {\aaps},
     keywords = {ASTRONOMICAL DATA BASES: MISCELLANEOUS, CATALOGS, Astrophysics},
         year = 2000,
        month = apr,
       volume = {143},
        pages = {23-32},
          doi = {10.1051/aas:2000169},
archivePrefix = {arXiv},
       eprint = {astro-ph/0002122},
 primaryClass = {astro-ph},
       adsurl = {https://ui.adsabs.harvard.edu/abs/2000A&AS..143...23O},
      adsnote = {Provided by the SAO/NASA Astrophysics Data System}
}


@ARTICLE{Lu2022,
       author = {{Lu}, Xing and {Li}, Guang-Xing and {Zhang}, Qizhou and {Lin}, Yuxin},
        title = "{A massive Keplerian protostellar disk with flyby-induced spirals in the Central Molecular Zone}",
      journal = {Nature Astronomy},
     keywords = {Astrophysics - Astrophysics of Galaxies, Astrophysics - Solar and Stellar Astrophysics},
         year = 2022,
        month = may,
       volume = {6},
        pages = {837-843},
          doi = {10.1038/s41550-022-01681-4},
archivePrefix = {arXiv},
       eprint = {2206.00202},
 primaryClass = {astro-ph.GA},
       adsurl = {https://ui.adsabs.harvard.edu/abs/2022NatAs...6..837L},
      adsnote = {Provided by the SAO/NASA Astrophysics Data System}
}


@ARTICLE{McGuire2014,
       author = {{McGuire}, Brett A. and {Carroll}, P. Brandon and {Gratier}, Pierre and {Guzm{\'a}n}, Viviana and {Pety}, Jerome and {Roueff}, Evelyne and {Gerin}, Maryvonne and {Blake}, Geoffrey A. and {Remijan}, Anthony J.},
        title = "{An Observational Investigation of the Identity of B11244 (l-C$_{3}$H$^{+}$/C$_{3}$H$^{-}$)}",
      journal = {\apj},
     keywords = {astrochemistry, ISM: clouds, ISM: individual objects: Sagittarius B2(N) TMC-1 Horsehead PDR IRC+10216, ISM: molecules, Astrophysics - Astrophysics of Galaxies},
         year = 2014,
        month = mar,
       volume = {783},
       number = {1},
          eid = {36},
        pages = {36},
          doi = {10.1088/0004-637X/783/1/36},
archivePrefix = {arXiv},
       eprint = {1312.0153},
 primaryClass = {astro-ph.GA},
       adsurl = {https://ui.adsabs.harvard.edu/abs/2014ApJ...783...36M},
      adsnote = {Provided by the SAO/NASA Astrophysics Data System}
}

@ARTICLE{Pety2012,
       author = {{Pety}, J. and {Gratier}, P. and {Guzm{\'a}n}, V. and {Roueff}, E. and {Gerin}, M. and {Goicoechea}, J.~R. and {Bardeau}, S. and {Sievers}, A. and {Le Petit}, F. and {Le Bourlot}, J. and {Belloche}, A. and {Talbi}, D.},
        title = "{The IRAM-30 m line survey of the Horsehead PDR. II. First detection of the l-C$_{3}$H$^{+}$ hydrocarbon cation}",
      journal = {\aap},
     keywords = {surveys, photon-dominated region (PDR), ISM: lines and bands, ISM: individual objects: Horsehead nebula, line: identification, Astrophysics - Astrophysics of Galaxies},
         year = 2012,
        month = dec,
       volume = {548},
          eid = {A68},
        pages = {A68},
          doi = {10.1051/0004-6361/201220062},
archivePrefix = {arXiv},
       eprint = {1210.8178},
 primaryClass = {astro-ph.GA},
       adsurl = {https://ui.adsabs.harvard.edu/abs/2012A&A...548A..68P},
      adsnote = {Provided by the SAO/NASA Astrophysics Data System}
}

@ARTICLE{Lique2007,
       author = {{Lique}, F. and {Senent}, M. -L. and {Spielfiedel}, A. and {Feautrier}, N.},
        title = "{Rotationally inelastic collisions of SO(X $^{3}${\ensuremath{\Sigma}}$^{-}$) with H$_{2}$: Potential energy surface and rate coefficients for excitation by para-H$_{2}$ at low temperature}",
      journal = {\jcp},
     keywords = {34.50.Ez, 34.20.Mq, 31.15.Dv, 33.15.Pw, 98.58.Bz, Rotational and vibrational energy transfer, Potential energy surfaces for collisions, Coupled-cluster theory, Fine and hyperfine structure, Atomic molecular chemical and grain processes},
         year = 2007,
        month = apr,
       volume = {126},
       number = {16},
        pages = {164312-164312},
          doi = {10.1063/1.2723733},
       adsurl = {https://ui.adsabs.harvard.edu/abs/2007JChPh.126p4312L},
      adsnote = {Provided by the SAO/NASA Astrophysics Data System}
}

